2350 3475
386 59 506 133 198
662 102 667 105 .
772 62 1163 109 TRACTATUS
1199 62 1855 111 TnEomfflco-Pomr.

275 232 280 238 ’
378 248 547 295 utram
566 256 849 309 sequamur
870 243 1198 307 sententiam,
1218 240 1295 293 vel
1317 241 1562 296 rationem
1582 244 1664 294 vel
1683 240 2000 308 scripturam
2020 252 2256 293 eorrum-

379 334 501 387 pere
530 334 743 372 necesse
772 325 869 372 est.
944 318 1284 371 Ostendimus
1310 318 1448 371 enim
1465 358 1482 385 ,
1523 320 1838 387 scripturam
1860 333 1966 370 non
1987 331 2070 371 res
2088 318 2260 385 philo-

378 397 656 464 sophicas,
686 396 781 449 sed
808 396 981 450 solam
994 397 1243 463 ‚pietatem
1271 396 1483 459 docere,
1523 404 1572 447 et
1601 396 1800 459 omnia,
1840 410 1972 466 quae
1999 396 2053 449 in
2077 396 2256 448 eadem

378 470 733 537 continentur,
770 473 837 525 ad
866 480 1072 540 captum
1100 480 1149 526 et
1176 480 1576 541 praeconceptas
1604 474 1876 540 opiniones
1918 472 2057 541 vulgi
2095 472 2258 525 fuisse

376 552 779 605 accommodata.
851 550 906 602 3.
944 552 1048 614 Qui
1075 550 1232 617 igitur
1259 551 1426 620 ipsam
1453 552 1518 603 ad
1552 549 1933 617 philosophiam
1959 564 2257 602 accommo-

376 627 498 680 dare
515 628 646 691 vult,
684 630 731 681 is
752 642 879 681 sane
897 627 1161 694 prophetis
1181 628 1341 680 multa
1355 666 1370 691 ‚
1408 642 1541 694 quae
1563 642 1628 679 ne
1651 642 1742 697 per
1761 628 2026 679 somnium
2056 628 2254 693 cogita-
2312 632 2313 671 3

375 712 521 768 runt,
560 704 765 771 affinget
792 713 843 757 et
878 719 1143 773 perperam
1175 720 1356 758 eorum
1386 712 1612 759 mentem
1641 703 2079 771 interpretabitur.
2155 704 2258 768 Qui

375 788 549 835 autem
578 791 751 835 contra
782 784 1031 835 rationem
1062 790 1111 833 et
1137 782 1516 849 philosophiam
1545 781 1832 848 theologiae
1859 782 2097 833 ancillam
2119 780 2258 839 facit,

374 861 421 911 is
450 860 651 925 antiqui
668 859 807 926 vulgi
828 858 1139 927 praeiudicia
1159 867 1423 926 tamquam
1445 872 1526 911 res
1549 858 1761 911 divinas
1770 865 1974 911 tenetur
1992 857 2261 910 admittere

375 942 427 993 et
452 935 637 987 iisdem
675 946 899 990 mentem
928 951 1182 1003 occupare
1209 945 1260 989 et
1287 936 1594 998 obcaecare;
1633 935 1866 1001 adeoque
1893 942 2138 1003 uterque,
2181 934 2263 987 hie

374 1012 571 1065 scilicet
596 1014 711 1065 sine
741 1016 964 1075 ratione.
1001 1014 1089 1066 ille
1116 1028 1236 1069 vero
1263 1027 1382 1067 cum
1410 1014 1604 1067 ratione
1627 1013 1866 1067 insaniet.
1937 1016 1992 1067 4.
2029 1014 2257 1075 Primus,

288 1102 297 1113 ·
374 1090 465 1154 qui
494 1090 629 1142 inter
646 1092 951 1145 Pharisaeos
970 1098 1145 1158 aperte
1162 1092 1346 1157 statuit
1365 1092 1681 1157 scripturam
1711 1090 1897 1144 rationi
1917 1104 2034 1141 esse
2055 1103 2261 1141 accom-

372 1165 685 1220 modandam
700 1207 715 1231 ,
752 1168 851 1222 fuit
868 1170 1213 1221 Maimonides
1245 1168 1426 1236 (euius
1445 1167 1656 1234 quidem
1675 1167 1987 1222 sententiam
2009 1180 2122 1233 cap.
2142 1168 2257 1218 Vll.
2311 1190 2313 1225 ς

372 1246 731 1308 recensuimus
751 1246 801 1313 ¹)
833 1246 1114 1311 multisque
1143 1246 1461 1312 argumentis
1490 1244 1896 1312 refutavimus),
1937 1250 1988 1295 et
2025 1245 2260 1310 quamvis
2312 1248 2313 1251 ’

370 1320 455 1375 hic
474 1330 652 1379 auctor
668 1336 884 1389 magnae
903 1322 1037 1375 inter
1055 1337 1144 1373 eos
1166 1322 1320 1375 fuerit
1340 1322 1688 1385 auctoritatiS,
1732 1336 1912 1374 eorum
1943 1328 2118 1373 tamen
2147 1335 2260 1371 ma·

370 1400 507 1453 xima
526 1414 649 1467 pars
668 1399 763 1451 hae
783 1402 835 1451 in
854 1416 909 1451 re
928 1399 992 1452 ab
1012 1414 1074 1453 eo
1093 1399 1286 1452 recedit
1304 1408 1354 1451 et
1376 1398 1602 1466 pedihus
1620 1400 1660 1450 it
1679 1400 1733 1450 in
1755 1398 2066 1450 sententiam
2089 1399 2262 1449 euius·

372 1474 494 1530 dam
520 1479 585 1532 R.
616 1476 850 1530 Jehudae
878 1476 1178 1545 Alpakhar,
1218 1478 1308 1543 qui
1345 1492 1570 1530 errorem
1600 1474 1938 1528 Maimonidis
1975 1475 2137 1527 vitare
2166 1489 2260 1525 cu-

371 1554 525 1620 piens
554 1554 607 1606 in
636 1554 855 1607 alterum
882 1556 931 1605 ei
962 1556 1278 1607 contrarium
1307 1555 1504 1607 incidit.
1583 1556 1632 1609 5.
1667 1552 1863 1617 ¹Statuit
1881 1552 2083 1605 scilicet
2101 1552 2263 1605 ratio-

373 1644 494 1681 nem
516 1632 808 1697 Scripturae
838 1631 1069 1682 ancillari
1098 1629 1312 1693 debere,
1355 1632 1507 1697 eique
1536 1644 1753 1697 prorsus
1783 1627 2022 1681 submitti
2037 1629 2126 1697 ²);
2167 1643 2263 1681 nec
2311 1622 2313 1633 ¹

371 1705 567 1772 aliquid
595 1707 650 1758 >iu
684 1708 947 1774 Scriptura
986 1714 1256 1774 propterea
1291 1706 1640 1778 metaphorice
1677 1705 2036 1776 explicandum
2077 1706 2260 1770 sensit,

374 1783 515 1849 quod
547 1784 759 1836 literalis
790 1799 981 1836 sensus
1011 1786 1224 1847 rationi,
1266 1787 1356 1838 sed
1391 1791 1619 1846 tantum,
1668 1786 1790 1851 quia
1815 1785 1915 1851 ipsi
1945 1783 2262 1850 Scripturae‚

370 1859 467 1914 hoc
486 1866 585 1921 est,
606 1860 759 1912 claris
777 1863 890 1913 eius
913 1861 1246 1928 dogmatibus
1266 1870 1537 1930 repugnat.
1575 1862 1750 1929 Atque
1769 1861 1888 1913 hine
1906 1861 2039 1912 hanc
2056 1863 2266 1913 univer-

370 1937 531 1988 salem
571 1937 800 2003 regulam
836 1939 1059 1992 format:
1097 1939 1365 2001 videlicet,
1404 1939 1652 2008 quicquid
1685 1941 1944 2006 Scriptura
1974 1938 2264 2004 dogmatice
2311 1985 2313 2010 ⁴

370 2012 521 2066 docet
546 2022 597 2066 et
626 2017 883 2082 expressis
911 2016 1081 2070 verbis
1100 2017 1346 2077 affirmat,
1387 2017 1442 2069 id
1471 2032 1529 2069 ex
1547 2017 1655 2068 sola
1675 2019 1786 2068 eius
1805 2017 2110 2068 auctoritate
2131 2023 2266 2066 tam-

370 2103 527 2156 quam
554 2106 733 2144 verum
763 2093 999 2146 absolute
1030 2094 1409 2146 admittendum
1429 2135 1442 2157 ‚
1494 2109 1590 2145 nec
1618 2093 1780 2150 ullum
1809 2091 1948 2144 aliud
1986 2091 2174 2158 dogma
2213 2093 2262 2141 in

366 2169 549 2221 Bibliis
571 2171 854 2237 reperietur
868 2211 883 2234 ,
916 2171 1057 2238 quod
1079 2173 1123 2224 ei
1147 2171 1340 2225 directe
1362 2177 1638 2238 repugnet,
1687 2170 1781 2223 sed
1801 2177 2000 2221 tantum
2021 2183 2117 2236 per
2136 2184 2263 2220 con-

368 2248 695 2314 sequentiam
713 2287 726 2309 ,
768 2251 886 2314 quia
914 2250 1111 2300 scilieet
1139 2250 1278 2300 modi
1309 2249 1553 2317 loquendi
1578 2249 1871 2314 scripturae
1901 2261 2060 2312 saepe
2079 2245 2261 2298 viden-

367 2332 453 2374 tur
481 2338 777 2391 supponere
804 2326 1002 2392 aliquid
1040 2327 1353 2378 contrarium
1392 2328 1466 2386 ei,
1508 2323 1648 2391 quod
1687 2338 1923 2392 expresse
1962 2323 2169 2384 docuit:
2209 2329 2258 2374 et

366 2411 635 2468 propterea
656 2409 857 2454 tantum
880 2403 1058 2454 eadem
1078 2403 1189 2454 loca
1210 2403 1554 2470 metaphorice
1581 2403 1898 2470 explicanda.
1973 2404 2023 2453 6.
2063 2399 2158 2451 Ex.
2183 2415 2258 2466 gr.

368 2479 636 2546 Scriptura
669 2480 807 2532 clare
842 2479 1019 2543 docet,
1058 2481 1228 2550 Deum
1276 2493 1393 2532 esse
1434 2481 1646 2534 unicum
1683 2479 1826 2546 (vide
1863 2479 2018 2530 Dent.
2059 2492 2177 2544 cap.
2210 2479 2256 2528 6.
2312 2511 2313 2560 ἶ

366 2569 497 2607 vers.
520 2557 627 2620 4.)‚
668 2571 762 2608 nec
789 2556 939 2608 ullibi
978 2557 1112 2608 alius
1142 2558 1286 2608 locus
1313 2559 1563 2622 reperitur
1600 2557 1791 2609 directe
1823 2555 2111 2617 affirmans,
2152 2554 2256 2605 dari

365 2631 543 2698 plnres
562 2634 721 2699 deos;
796 2641 849 2686 at
892 2633 1105 2700 quidem
1128 2635 1300 2700 plura,
1340 2633 1592 2686 ubiDeus
1621 2633 1684 2686 de
1706 2649 1789 2698 se,
1829 2640 1880 2684 et
1896 2631 2180 2702 prophetae
2200 2629 2256 2680 de
2312 2649 2313 2656 ¹

364 2709 475 2762 Deo
514 2711 571 2762 iu
604 2710 795 2777 plurali
839 2724 1057 2762 numero
1090 2711 1408 2777 loquuntur,
1447 2713 1540 2780 qui
1565 2710 1756 2764 modus
1783 2717 1982 2764 tantum
2009 2705 2252 2776 loquendi

466 2911 511 3021 {3
539 2909 829 3018 ἷίιέιηξιῗίρωξ
847 2916 1285 3030 3322‘0533'10332„
1305 2975 1351 3020 ln
1371 2975 1572 3032 epistola
1593 2981 1754 3022 contra
1765 2973 2254 3033 Haimonidem‚quae
2312 2979 2313 3006 ἰ

367 3029 489 3076 inter
505 3030 751 3091 epistolas,
780 3044 904 3082 ntiae
922 3033 1220 3082 maimonidis
1239 3035 1482 3097 dicuntur,
1514 3037 1730 3084 habetur.
1786 3033 1872 3092 Sp.
1906 3037 1925 3059 ·
2312 3037 2313 3062 ἶ
