2350 3475
363 67 483 133 150
546 92 557 102 ⁸
758 69 1147 122 ‘rnacTATth
1185 68 1842 118 Tnnonomco-Pou‘r.

354 268 415 305 ex
434 252 548 319 ipsa
564 250 637 305 rei
658 254 839 305 natura
860 248 1113 303 sumit-urz
1148 262 1340 315 nempe
1367 246 1506 315 quod
1537 248 1756 301 mendae
1785 263 1890 300 non
1917 246 2040 300 data
2057 256 2249 314 opera,

354 330 447 381 sed
468 342 592 381 casu
612 329 666 379 in
684 326 887 379 codices
907 326 1252 391 irrepserunt3
1289 332 1342 377 et
1359 326 1499 391 quod
1520 326 1590 377 ita
1611 324 1688 387 fit,
1709 327 1846 377 varie
1865 326 2138 391 contingit.
2182 325 2254 375 At

350 416 407 465 in
434 415 667 481 quinque
690 410 843 463 libris
868 424 1073 478 semper
1100 424 1290 463 nomen
1317 414 1504 502 ³3³3?-
1525 412 1733 479 puella,
1775 426 1882 463 uno
1912 418 2114 463 tantum
2149 424 2249 461 ex-

351 515 499 575 cepto
534 507 677 569 loco,
728 505 1035 559 defectivum
1072 514 1247 558 contra
1285 505 1514 572 regulam
1549 508 1906 572 grammatices
1942 506 2056 557 sine
2095 505 2250 557 litera

350 598 401 657 Π
420 596 502 646 He
530 592 801 655 scribitur,
839 592 892 643 in
922 592 1153 659 margine
1184 606 1299 644 vero
1329 601 1464 643 recte
1493 592 1783 643 secundum
1813 592 2040 657 regulam
2062 606 2250 658 gram-

352 680 564 730 matices
583 677 925 731 universalem
938 679 1012 746 ²⁶).
1084 676 1169 729 An
1200 678 1297 729 hoc
1315 679 1469 729 etiam
1491 692 1548 729 ex
1569 692 1658 739 eo,
1699 678 1839 743 quod
1861 691 2046 729 manns
2072 680 2124 727 in
2149 678 2250 728 de·-

351 754 624 806 scribendo
646 756 841 817 erravit,
883 753 1194 821 contigerit?
1261 756 1379 818 Quo
1402 756 1503 806 fato
1523 752 1575 805 id
1597 753 1704 805 fieri
1726 756 1906 820 potuit,
1931 762 1990 804 ut
2008 754 2250 805 calamus

350 846 583 899 semper,
606 832 1019 899 quotiescunque
1039 831 1134 883 boc
1154 846 1343 883 nomen
1365 832 1670 891 occurrerit,
1691 829 1992 882 festinaret?
2035 832 2248 885 Deinde

348 908 489 961 bunc
510 908 771 961 defectum
792 909 939 961 facile
958 915 1010 960 et
1024 910 1141 960 sine
1161 910 1410 976 scrupulo
1430 924 1489 961 ex
1509 908 1700 975 regulis
1719 907 2068 974 grammaticis
2099 922 2246 974 sup-
2328 972 2329 979 ἵ

349 985 489 1053 plere
510 992 559 1035 et
576 984 850 1037 emendare
870 986 1185 1053 potuissent.
1259 988 1344 1038 41.
1369 987 1531 1052 Igitur
1549 1000 1711 1051 quum
1733 985 1827 1037 hae
1848 986 2090 1037 lectiones
2111 999 2246 1035 casu
2328 986 2329 989 ’

349 1076 453 1113 non
475 1063 809 1128 contigerint,
850 1077 946 1115 nec
966 1070 1068 1115 tam
1090 1064 1225 1115 clara
1245 1063 1364 1113 vitia
1383 1064 1718 1125 correxerint,
1760 1061 1877 1113 hinc
1898 1061 2242 1125 concludunt,

346 1138 473 1189 baec
497 1146 633 1191 certo
654 1140 867 1192 consilio
887 1156 915 1191 a
936 1141 1117 1206 primis
1140 1138 1482 1207 scriptoribus
1505 1139 1636 1191 facta
1659 1138 1822 1191 fuisse
1837 1177 1850 1200 ,
1873 1146 1930 1189 ut
1951 1138 2012 1189 iis
2034 1137 2243 1205 aliquid

349 1214 713 1281 significarent.
784 1216 977 1269 Verum
998 1217 1079 1269 his
1100 1216 1247 1268 facile
1267 1216 1578 1283 respondere
1598 1230 1911 1283 possumus;
1951 1230 2072 1266 nam
2094 1216 2244 1281 quod

348 1308 407 1344 ex
440 1307 567 1357 usu,
627 1296 717 1360 qui
756 1294 897 1360 apud
932 1308 1021 1345 eos
1059 1292 1303 1356 invaluit,
1363 1300 1809 1360 argumentantur,
1867 1291 1994 1343 nibil
2044 1308 2244 1343 moror.
2327 1296 2329 1347 ἶ

348 1372 434 1426 42.
471 1370 657 1422 Nescio
686 1370 812 1437 quid
842 1361 1142 1437 superstitio
1171 1370 1388 1421 suadere
1416 1371 1614 1436 potuit,
1656 1377 1706 1421 et
1739 1370 1865 1421 forte
1894 1369 2014 1420 inde
2044 1368 2246 1420 sactum

347 1453 451 1509 est,
494 1448 617 1513 quia
635 1454 911 1514 utramque
931 1448 1202 1499 lectionem
1231 1460 1394 1513 aeque
1417 1446 1605 1499 bonam
1626 1461 1720 1498 seu
1739 1445 2055 1497 tolerabilem
2077 1448 2250 1497 aesti-

348 1522 579 1587 mabant,
598 1524 845 1591 ideoque,
864 1540 931 1577 ne
950 1538 1129 1576 earum
1148 1524 1322 1589 aliqua
1342 1524 1706 1590 negligeretur,
1727 1536 1883 1574 unam
1907 1521 2245 1575 scribendam

348 1606 399 1649 et
426 1599 579 1651 aliam
606 1600 875 1667 legendam
905 1602 1196 1659 voluerunt.
1269 1599 1546 1651 Timebant
1573 1600 1767 1653 scilicet
1783 1601 1837 1650 in
1861 1614 1914 1651 re
1935 1606 2074 1651 tanta
2093 1599 2246 1651 iudi-

347 1678 483 1727 cium
506 1677 880 1742 determinare,
921 1691 986 1728 ne
1012 1678 1196 1729 incerti
1224 1676 1406 1728 falsam
1434 1692 1528 1745 pro
1555 1692 1672 1730 vera
1701 1677 1970 1742 eligerent,
2013 1675 2248 1743 ideoque

348 1761 591 1805 nentrum
610 1754 844 1807 alterutri
863 1767 1179 1822 praeponere
1197 1754 1498 1818 voluerunt,
1537 1755 1678 1821 quod
1706 1754 1945 1806 absolute
1967 1754 2244 1816 fecissent,

347 1831 394 1880 si
421 1843 580 1881 unam
609 1830 777 1884 solam
806 1829 1031 1884 scribere
1060 1837 1112 1882 et
1137 1831 1306 1898 legere
1324 1832 1634 1895 iussissent3
1673 1833 1976 1898 praesertim
1995 1845 2166 1897 quum
2189 1833 2246 1882 in

347 1908 507 1978 sacris
542 1907 897 1962 voluminibus
934 1915 1086 1961 notae
1122 1909 1433 1975 marginales
1471 1923 1573 1960 non
1614 1908 1924 1960 scribantur.
2009 1908 2102 1960 43.
2141 1907 2246 1962 Vel

347 1983 479 2035 forte
504 1984 626 2036 inde
652 1985 849 2039 factum
876 1992 983 2048 est,
1024 1986 1149 2053 qnia
1183 1986 1468 2052 quaedam,
1509 1986 1744 2051 quamvis
1781 1993 1916 2038 recte
1953 1984 2241 2051 descripta,

348 2060 491 2112 aliter
518 2069 689 2114 tamen
718 2064 843 2129 legi,
883 2069 1037 2130 prout
1063 2063 1259 2116 scilicet
1277 2063 1329 2114 in
1351 2064 1578 2128 margine
1597 2069 1920 2124 notaverant,
1959 2059 2240 2122 volebant:

345 2137 568 2204 ideoque
586 2140 944 2192 universaliter
960 2140 1324 2202 instituerunt,
1347 2147 1406 2191 ut
1423 2139 1594 2190 Biblia
1613 2139 1900 2192 secundum
1921 2144 2070 2189 notas
2092 2153 2247 2189 mar-

346 2215 543 2279 ginales
561 2214 871 2282 legerentur.
946 2218 1033 2268 44.
1063 2215 1212 2279 Quae
1233 2229 1388 2268 causa
1409 2223 1583 2268 autem
1603 2216 1801 2268 scribas
1821 2217 2052 2278 moverit,
2077 2229 2247 2280 quae-

346 2290 465 2342 dam
496 2305 734 2360 expresse
765 2294 981 2360 legenda
1006 2294 1059 2344 in
1088 2295 1320 2359 margine
1349 2301 1552 2355 notare,
1591 2293 1695 2345 iam
1735 2293 1901 2345 dicam
1942 2291 2092 2360 (nam
2133 2307 2244 2344 non
2328 2295 2329 2306 *

349 2381 529 2422 omnes
558 2371 871 2437 marginales
902 2377 1049 2422 notae
1086 2368 1278 2423 dubiae
1313 2375 1438 2422 sunt
1473 2371 1751 2432 lectiones,
1791 2369 1883 2422 sed
1913 2371 2066 2421 etiam
2097 2385 2244 2436 quae

347 2444 413 2496 ab
434 2461 535 2498 usu
555 2454 747 2499 remota
768 2454 939 2510 erant,
980 2447 1343 2514 notaret-uno:
1381 2460 1570 2514 nempe
1597 2447 1748 2498 verba
1779 2445 2008 2498 obsoleta
2029 2454 2080 2498 et
2099 2461 2244 2512 quae

346 2523 549 2587 probati
584 2524 727 2576 illius
766 2525 1011 2590 temporis
1048 2539 1219 2576 mores
1255 2539 1360 2575 non
1389 2523 1630 2575 sinebant
1666 2526 1717 2575 in
1751 2523 1957 2591 publica
1987 2525 2246 2576 concione

346 2598 463 2664 legi.
546 2602 631 2653 45.
669 2602 800 2654 Nam
834 2601 1033 2666 antiqui
1061 2603 1368 2668 scriptores,
1407 2599 1597 2652 malitia
1626 2602 1831 2667 privati,
1873 2601 2029 2652 nullis
2051 2600 2244 2652 aulicis

346 2674 672 2741 ambagibus,
694 2677 790 2729 sed
809 2691 893 2729 res
909 2679 1135 2744 propriis
1154 2679 1266 2729 suis
1285 2676 1587 2729 nominibus
1607 2678 1922 2730 indicabant.
1994 2677 2064 2728 At
2084 2687 2242 2742 post-

346 2767 504 2818 qnam
526 2753 719 2804 malitia
740 2763 791 2806 et
810 2755 963 2806 luxus
983 2757 1237 2821 regnavit,
1277 2754 1364 2804 illa
1387 2769 1521 2820 quae
1540 2756 1652 2806 sine
1672 2755 2026 2806 obscoenitate
2045 2753 2111 2805 ab
2133 2771 2242 2806 an-

345 2829 503 2894 tiquis
526 2827 659 2882 dicta
680 2838 831 2895 sunt,
870 2831 925 2883 in
954 2831 1230 2884 obscoenis
1252 2831 1425 2884 haberi
1448 2833 1770 2898 inceperunt.
1843 2832 1955 2883 Hac
1973 2837 2154 2882 autem
2176 2831 2244 2884 de

449 3032 491 3084 ‘)
526 3031 624 3076 vid.
646 3030 758 3078 Gen.
779 3035 847 3091 24,
868 3035 934 3078 1⁶.
972 3035 1107 3079 Deut.
1128 3038 1197 3093 22,
1218 3038 1284 3078 15.
1308 3037 1371 3080 16.
1393 3038 1460 3079 2⁰.
1481 3039 1546 3080 21.
1567 3038 1757 3080 24-29.
1779 3035 1842 3082 al.
