2350 3475
914 126 1055 175 car.
1104 124 1171 174 x.
1863 118 1984 183 163

98 303 385 371 scripturis
420 302 671 371 quicquid
708 302 855 356 lubet
890 302 1180 371 affingunt?
1245 306 1336 372 qui
1382 317 1558 357 sacros
1605 304 1878 357 historicos
1915 306 1984 357 ita

98 383 443 448 prostituunt,
486 387 546 432 ut
564 380 821 433 balbutire
840 387 891 433 et
908 384 1079 433 omnia
1102 382 1416 434 confundere
1433 379 1756 433 credantur?
1781 384 1870 449 qui
1893 381 1985 433 de-

100 461 257 526 nique
293 471 484 510 sensus
522 459 815 525 scripturae
850 460 1161 526 perspicuos
1209 467 1260 512 οι
1303 458 1716 511 evidentissimos
1761 456 1989 525 negant?

99 536 184 589 35.
224 534 367 599 Quid
388 535 527 587 enim
546 536 599 586 in
618 536 1113 608 Scripturaclarius,
1134 550 1292 603 quam
1315 534 1454 603 quod
1473 537 1667 588 Hezras
1687 550 1804 587 cum
1827 537 1983 588 sociis

97 616 147 664 in
184 612 407 679 epistola
444 612 769 679 genealogiae
811 614 864 663 in
904 628 1017 679 cap.
1052 616 1105 668 2.
1146 612 1290 675 libri,
1341 614 1431 680 qui
1471 614 1584 665 eius
1622 613 1841 676 dicitur,
1891 614 1986 666 de-

12 719 14 722 >
98 692 314 757 scripta,
358 704 635 741 numerum
674 705 853 741 eorum
892 693 1153 752 omnium,
1195 692 1284 757 qui
1321 692 1731 758 Hierosolymam
1769 691 1983 758 profecti

12 789 14 806 =
97 775 250 829 sunt,
288 781 383 833 per
408 774 583 833 partes
610 766 1083 834 comprehenderit,
1123 768 1548 834 quandoquidem
1579 770 1630 819 in
1661 770 1726 820 iis
1749 784 1850 819 non
1871 775 1988 820 tan-

98 852 207 895 tum
230 858 411 896 eorum
434 858 683 895 numerus
704 844 947 906 traditur,
988 846 1077 910 qui
1108 859 1256 896 suam
1287 846 1666 912 genealogiam,
1708 846 1801 897 sed
1830 848 1986 898 etiam

97 936 274 974 eorum
292 960 305 983 ,
338 922 431 988 qui
450 936 563 972 eam
584 936 685 971 non
706 927 987 987 potuerunt
1005 920 1270 974 indicare?
1340 922 1508 987 Quid,
1532 925 1770 990 inquam,
1795 924 1988 975 clarius

96 1013 153 1051 ex
170 1012 325 1050 versu
339 1000 389 1049 5.
414 1012 527 1063 cap.
544 998 595 1050 7.
610 998 906 1061 Nehemiae,
930 1012 1085 1065 quam
1107 999 1248 1065 quod
1269 1002 1382 1067 ipse
1401 1000 1530 1052 lianc
1553 1002 1768 1051 eandem
1791 1002 1988 1070 episto-

95 1076 199 1143 lam
231 1076 539 1143 simpliciter
566 1070 931 1143 descripserit?
998 1074 1085 1127 36.
1122 1076 1163 1125 li
1193 1076 1378 1141 igitur,
1408 1078 1497 1143 qui
1517 1076 1640 1128 haec
1659 1077 1806 1129 aliter
1823 1079 1990 1145 expli-

96 1158 240 1215 cant,
265 1152 395 1203 nihil
414 1150 555 1203 aliud
575 1153 771 1205 faciunt
786 1190 799 1213 ,
824 1166 980 1219 quam
1002 1166 1179 1203 verum
1202 1152 1498 1221 Scripturae
1521 1168 1734 1205 sensum
1750 1193 1766 1217 ,
1789 1162 1842 1207 et
1861 1168 1991 1206 con-

96 1236 379 1296 sequenter
416 1229 735 1295 scripturam
770 1230 941 1298 ipsam
980 1242 1194 1295 negare:
1235 1229 1378 1296 quod
1413 1236 1584 1281 autem
1625 1238 1810 1297 putant
1841 1233 1988 1297 pium

95 1321 237 1367 ease,
278 1320 387 1358 una
406 1306 515 1357 loca
538 1306 835 1373 Scripturae
853 1306 971 1357 aliis
990 1308 1399 1370 accommodare,
1421 1307 1636 1359 ridicula
1657 1322 1782 1359 sane
1799 1309 1985 1374 pietas,

94 1383 235 1451 quod
266 1384 378 1434 loca
408 1382 541 1433 clara
568 1381 810 1434 obscuris
840 1390 891 1437 et
921 1388 1055 1436 recta
1084 1384 1356 1440 mendosis
1386 1384 1774 1436 accommodent
1793 1392 1990 1435 etsana

93 1460 316 1527 putridis
338 1467 689 1526 corrumpanti
761 1459 915 1513 Absit
934 1469 1105 1535 tatmen
1119 1500 1134 1523 ‚
1167 1470 1226 1513 ut
1247 1472 1338 1513 eos
1360 1461 1692 1529 blasphemos
1709 1461 1987 1528 appellem,

92 1539 182 1604 qni
214 1537 422 1589 nullum
450 1538 683 1588 animum
714 1539 1052 1590 maledicendi
1092 1538 1306 1601 habeam
1348 1554 1464 1590 nam
1504 1550 1676 1591 errare
1704 1538 1990 1591 humanum

93 1615 309 1681 quidem
339 1622 440 1665 est.
514 1616 615 1666 Sed
645 1614 707 1665 ad
732 1618 1056 1683 propositum
1077 1624 1314 1667 revertor.
1397 1616 1482 1667 37.
1523 1618 1732 1669 Praeter
1753 1615 1984 1682 mendam,

95 1705 227 1758 quae
248 1692 303 1743 iu
324 1692 555 1744 summis
574 1691 820 1759 epistolae
838 1692 1163 1760 genealogiae
1189 1700 1290 1745 lam
1315 1694 1505 1746 Hezrae
1525 1708 1682 1762 quam
1710 1693 1992 1747 Neliemiac

12 1774 17 1833 ξ
94 1776 219 1822 sunt
236 1769 630 1831 concedendae,
655 1771 831 1836 plures
855 1772 1007 1822 etiam
1030 1779 1272 1822 notantur
1292 1773 1341 1821 in
1363 1772 1494 1838 ipsis
1515 1771 1814 1824 nominibus
1834 1772 1990 1823 fami-—

92 1847 311 1908 liat-um,
344 1846 521 1912 plures
542 1848 825 1914 insuperin
854 1849 981 1912 ipsis
1002 1849 1344 1914 genealogiiS,
1373 1851 1426 1899 in
1458 1849 1710 1911 historiis,
1746 1858 1797 1902 et
1814 1863 1990 1900 vereor

12 1942 14 1963 2
93 1939 157 1976 ne
176 1926 336 1976 etiam
358 1924 409 1974 in
432 1925 562 1990 ipsis
581 1925 884 1990 propheliiS.
922 1927 1049 1976 Nam
1072 1938 1197 1976 sane
1219 1925 1482 1992 prophetia
1503 1928 1748 1977 Ieremiae
1771 1941 1884 1992 cap.
1899 1927 1987 1979 22.

94 1999 162 2052 de
185 2001 429 2052 lechonia
462 2001 609 2051 nullo
638 2001 793 2052 modo
822 2015 939 2052 cum
962 2004 1075 2052 cius
1098 2003 1310 2054 historia
1337 2002 1478 2069 (vide
1497 2003 1652 2055 finem
1675 2002 1790 2054 libri
1809 2005 1862 2055 2.
1884 2005 1991 2055 Re-

12 2090 15 2113 ÷
94 2093 216 2144 gum
256 2084 313 2128 et
349 2077 603 2143 ierem.*)
642 2085 693 2128 ct
730 2077 847 2130 libr.
871 2080 919 2128 1.
968 2079 1131 2129 Pan-al.
1164 2093 1277 2146 cap.
1311 2081 1361 2130 3.
1393 2093 1524 2130 vers·
1551 2081 1632 2132 16.
1661 2079 1989 2143 17.18.19.)

92 2155 369 2207 convenire
394 2153 621 2214 videtur,
655 2163 703 2206 et
730 2157 1009 2223 praecipue
1036 2155 1186 2208 verba
1218 2171 1397 2208 versus
1431 2156 1598 2206 ultimi
1619 2156 1758 2207 illius
1780 2157 1985 2222 capitis·

94 2233 179 2284 38.
217 2233 327 2284 Nec
345 2232 497 2283 etiam
518 2231 665 2284 video
679 2271 694 2294 ,
724 2247 828 2298 qua
848 2235 1045 2284 ratione
1064 2233 1127 2283 de
1146 2234 1414 2290 Tsidchia‚
1457 2233 1610 2284 cuius
1630 2233 1787 2294 oculi,
1828 2233 1988 2284 simul

94 2323 153 2360 ac
180 2308 323 2360 filios
351 2321 535 2360 necare
562 2310 713 2369 vidit,
754 2308 927 2361 effossi
958 2316 1109 2370 sunt,
1150 2311 1318 2362 dicere
1354 2311 1552 2378 potuit:
1593 2311 1821 2376 Pacifico
1861 2325 1982 2360 mo-

91 2389 254 2436 n'en‘s
285 2390 390 2436 etc.
424 2385 567 2452 (vide
596 2388 782 2438 lerem.
814 2401 927 2452 cap.
960 2389 1046 2439 34.
1080 2402 1126 2437 v.
1152 2389 1234 2456 5.)
1308 2389 1360 2439 Si
1389 2401 1448 2438 ex
1472 2395 1655 2438 eventu
1681 2386 1986 2454 prophetiae

93 2461 513 2530 interpretandae
540 2471 663 2514 sunt
686 2503 699 2524 ,
742 2463 869 2515 haec
898 2465 1107 2514 nomina
1138 2465 1382 2516 mutanda
1415 2471 1614 2527 essent,
1647 2471 1696 2514 et
1715 2477 1808 2530 pro
1828 2464 1987 2514 Tsid-

93 2541 211 2592 chia
242 2540 543 2599 lechonias.
576 2548 627 2592 et
654 2549 826 2592 contra
860 2557 949 2608 pro
983 2542 1079 2592 hoc
1108 2543 1192 2592 ille
1223 2542 1512 2594 sumendus
1533 2540 1810 2591 videretur.
1883 2539 1986 2590 Sed

94 2616 193 2669 hoc
214 2617 379 2668 nimis
395 2617 731 2684 paradoxum,
754 2620 986 2684 adeoque
1008 2633 1115 2669 rem
1138 2627 1195 2670 ut
1215 2617 1670 2686 imperceptibilem
1695 2617 1988 2682 relinquere

94 2695 250 2756 malo,
274 2695 553 2760 praecipue
576 2697 696 2762 quia
716 2697 760 2747 si
785 2696 868 2748 hic
888 2697 1079 2762 aliquis
1100 2704 1178 2746 est
1198 2711 1357 2756 error,
1383 2698 1426 2746 is
1449 2696 1706 2759 historico,
1743 2709 1844 2746 non
1867 2695 1988 2746 vitio

94 2771 467 2838 exemplarium
490 2769 801 2832 tribuendus
820 2780 918 2824 est.
995 2774 1078 2824 39.
1124 2773 1276 2834 Quod
1299 2773 1360 2822 ad
1385 2775 1612 2839 reliquos
1631 2772 1824 2833 attinet,
1851 2786 1986 2838 quos

96 2847 225 2910 dixi,
270 2862 363 2898 eos
386 2848 471 2900 hic
493 2857 671 2901 notare
691 2865 793 2902 non
816 2859 941 2918 puto
959 2889 973 2912 ‚
1014 2850 1439 2916 quandoquidem
1462 2852 1510 2900 id
1533 2865 1635 2901 non
1658 2851 1772 2902 siue
1800 2857 1988 2914 magno

94 2924 307 2976 lectoris
353 2926 525 2978 taedio
570 2925 768 2980 efficere
818 2929 1012 2997 possim
1037 2943 1050 2985 ς
1113 2928 1415 2995 praesertim
1462 2928 1584 2994 quia
1619 2927 1684 2980 ab
1723 2927 1841 2978 aliis
1883 2926 1986 2977 iam

196 3096 245 3148 0)
278 3098 307 3137 2
323 3094 438 3153 Res.
456 3095 528 3153 2⁶,
546 3097 613 3139 27.
633 3105 739 3154 sqq.
780 3097 951 3142 Iex-em.
970 3099 1038 3152 ³2,
1058 3099 1125 3143 εει
1144 3059 1248 3154 aqq.
1455 3168 1474 3218 1
1494 3168 1512 3217 ι
1535 3167 1562 3195 *t
