2350 3475
525 515 1453 643 ‘PRAEFATIQ

855 798 1192 809 ———

177 937 253 1011 Si
269 958 518 1011 homines
537 973 620 1019 res
639 974 822 1011 omnes
839 974 964 1011 suns
993 966 1132 1011 certo
1158 960 1377 1014 oonsilio
1402 974 1575 1025 regere
1601 967 1845 1029 possent,
1884 960 1965 1013 vel

89 1036 128 1084 si
143 1035 344 1089 fortuna
361 1038 500 1105 ipsis
520 1051 766 1103 prospero
785 1051 992 1103 semper
1007 1036 1156 1100 foret,
1179 1036 1323 1089 nulla
1342 1039 1709 1105 superstitione
1727 1044 1969 1089 teneren-

91 1119 177 1164 tur.
229 1114 334 1165 Sed
352 1115 603 1180 quoniam
623 1129 684 1165 eo
703 1128 857 1181 saepe
875 1116 1231 1180 angustiarum
1252 1114 1571 1179 rediguntur,
1610 1122 1673 1167 nt
1688 1116 1967 1168 eonsilium

91 1189 278 1241 nullum
304 1190 510 1243 adferre
539 1198 757 1255 queant,
797 1198 848 1242 et
876 1190 1185 1258 plerumque
1212 1191 1279 1243 ob
1306 1193 1503 1244 ineerta
1536 1192 1771 1244 fortunae
1807 1191 1963 1253 bona,

32 1316 35 1330 ,
92 1280 210 1330 quae
226 1268 341 1319 sine
361 1267 520 1319 modo
547 1268 792 1333 eupiunt,
833 1269 967 1333 inter
984 1282 1133 1334 spem
1154 1275 1455 1333 metumque
1476 1270 1662 1320 misere
1681 1268 1963 1328 fluctuant3

90 1342 196 1394 ideo
209 1345 440 1396 animum
459 1351 520 1395 ut
539 1343 821 1412 plurimum
841 1344 905 1397 ud
921 1346 1128 1410 quidvis
1142 1343 1458 1397 eredendum
1478 1346 1850 1411 pronissimum
1873 1345 1967 1395 hn-

90 1417 230 1483 bem,
268 1423 360 1487 qni
383 1422 508 1473 dnm
529 1423 582 1472 in
603 1422 763 1473 dubio
783 1429 890 1485 est,
930 1422 1066 1473 facili
1089 1429 1349 1474 momento
1368 1421 1471 1474 hue
1488 1429 1643 1488 atque
1660 1420 1785 1473 illuc
1816 1421 1968 1487 pelii-

92 1502 191 1561 tur,
229 1507 279 1549 et
308 1497 474 1550 multo
503 1498 706 1550 facilins
743 1499 869 1550 dum
897 1514 992 1566 spe
1021 1506 1071 1549 et
1101 1507 1243 1551 metu
1274 1502 1499 1565 agitatus
1534 1499 1734 1561 haeret,
1777 1497 1967 1565 praefi-

94 1572 212 1624 dens
237 1576 393 1639 alias,
431 1574 778 1628 iactabundus
817 1590 877 1628 ac
913 1576 1167 1628 tumidus·
1241 1580 1295 1632 2.
1331 1578 1507 1643 Atque
1543 1576 1670 1629 haee
1703 1577 1967 1629 neminem

96 1650 315 1713 ignorare
339 1654 606 1718 existimo,
647 1655 886 1719 quamvis
914 1654 1188 1721 plerosque
1218 1668 1276 1706 se
1307 1655 1453 1721 ipsos
1482 1655 1717 1720 ignorare
1736 1654 1967 1705 credam.

32 1783 34 1796 Ι
93 1728 240 1780 Nemo
270 1731 408 1782 enim
439 1732 574 1784 inter
592 1730 832 1784 homines
851 1733 920 1782 ita
939 1731 1087 1794 vixit,
1129 1733 1345 1798 quinon
1365 1730 1575 1798 viderit,
1614 1733 1891 1799 plerosque
1910 1732 1967 1782 in

95 1804 238 1858 rebus
262 1809 558 1876 prosperis,
597 1810 694 1861 etsi
721 1809 1101 1876 imperitissimi
1129 1809 1263 1872 sint,
1300 1810 1552 1876 snpientia
1581 1811 1651 1860 ita
1677 1808 1961 1873 abundare,

96 1888 148 1931 ut
177 1883 272 1934 sibi
303 1886 547 1937 iniuriam
575 1885 684 1937 fieri
712 1886 952 1948 credant,
991 1887 1038 1936 si
1066 1889 1185 1951 quis
1202 1887 1272 1938 iis
1290 1885 1569 1938 consilium
1587 1887 1710 1938 dare
1727 1885 1870 1948 velit;
1908 1886 1964 1936 in

32 1963 34 1974 '
95 1957 304 2012 adversis
335 1969 538 2026 autem,
581 1977 686 2028 quo
713 1978 772 2014 so
798 1969 992 2014 vertant
1021 1964 1221 2015 nescire
1248 1969 1301 2014 et
1327 1963 1599 2015 consilium
1628 1963 1692 2014 nb
1720 1976 1965 2027 unoquo-

97 2049 184 2099 que
209 2038 472 2104 supplices
503 2048 704 2105 petere,
745 2054 839 2092 neo
867 2039 1033 2092 ullum
1065 2046 1172 2090 tam
1194 2043 1427 2105 ineptum
1446 2047 1656 2105 tumque
1676 2039 1965 2092 absurdum

97 2120 174 2163 aut
201 2129 384 2167 vonum
413 2117 618 2178 audire,
661 2119 800 2184 quod
832 2132 938 2169 non
959 2123 1269 2182 sequentum
1312 2116 1497 2168 deinde
1515 2117 1791 2168 levissimis
1811 2117 1965 2168 etiam

100 2188 154 2239 de
179 2193 345 2244 oensis
375 2195 480 2245 iam
510 2194 724 2246 meliora
761 2194 1010 2261 sperare„
1036 2209 1220 2246 rursus
1258 2193 1506 2245 deteriora
1542 2195 1742 2245 timere.
1816 2195 1868 2244 3.
1907 2193 1966 2243 Si

99 2267 210 2330 quid
227 2271 360 2320 enim
373 2308 390 2335 ,
433 2271 635 2322 durnin
654 2278 796 2323 metu
819 2277 1115 2334 versantur,
1157 2272 1451 2338 contingere
1468 2270 1670 2332 vident,
1710 2269 1852 2336 qnod
1872 2283 1963 2320 eos

99 2347 336 2405 praeteriti
354 2348 578 2400 alicuius
594 2347 818 2400 bonive!
841 2348 961 2400 mali
983 2363 1241 2400 memores
1260 2349 1451 2410 reddit,
1492 2347 1548 2400 id
1568 2349 1759 2398 exitum
1778 2352 1868 2396 aut
1884 2345 1967 2396 fe·-

32 2423 34 2476 ξ
100 2419 230 2472 linem
247 2431 335 2475 aut
351 2423 612 2476 infelicem
632 2425 938 2478 obnuntiare
967 2432 1178 2492 putant,
1220 2424 1359 2491 quod
1389 2433 1655 2492 propterea
1672 2463 1687 2486 ,
1726 2423 1963 2488 quamvis

102 2501 274 2550 centies
293 2500 454 2560 fallat,
488 2503 722 2553 faustum
742 2502 818 2554 vel
839 2503 1124 2555 infaustum
1145 2517 1295 2555 omen
1313 2510 1516 2556 vocant.
1589 2498 1794 2565 Siquid
1811 2513 1963 2564 porro

101 2572 346 2628 insolitum
369 2591 554 2644 magna
575 2593 693 2630 cum
713 2579 1050 2631 admiratione
1067 2579 1271 2644 vident,
1310 2579 1361 2630 id
1381 2579 1672 2646 prodigium
1703 2589 1819 2627 esse
1850 2589 1965 2626 ore-
2008 2575 2011 2578 ’

37 2669 42 2674 ·
103 2648 244 2716 dunt,
280 2654 424 2719 quod
452 2655 667 2706 deorum
697 2665 788 2708 aut
814 2657 1008 2709 summi
1044 2657 1280 2708 numinis
1306 2657 1433 2708 iram
1460 2656 1677 2716 indicat,
1718 2651 1965 2718 qnodque

32 2753 34 2756 >
104 2725 214 2777 adeo
230 2728 408 2782 hostiis
427 2740 479 2782 et
495 2734 626 2784 votis
645 2749 748 2784 non
771 2735 911 2801 piare
927 2773 942 2796 ,
981 2733 1126 2786 nefas
1145 2733 1337 2785 habent
1354 2732 1587 2784 homines
1607 2730 1965 2796 superstitioni

105 2800 288 2856 obnoxii
315 2814 368 2859 et
393 2809 621 2875 religioni
652 2811 884 2872 adversm
923 2826 1146 2878 eumque
1173 2811 1245 2863 nd
1268 2809 1481 2862 modum
1510 2806 1712 2859 infinita.
1736 2806 1955 2871 fingunt,

32 2941 34 2944 y
107 2887 150 2928 et
179 2885 319 2947 quasi
355 2891 460 2938 tota
497 2893 677 2939 natura
713 2903 833 2940 oum
872 2890 1005 2956 ipsis
1035 2889 1312 2948 insaniret,
1354 2885 1570 2938 eandem
1607 2885 1751 2936 miris
1788 2881 1959 2934 modis

32 2969 34 3006 5
107 2955 494 3025 interpretantur.
569 2965 619 3015 4.
663 2965 839 3028 Quum
861 2968 1015 3032 igitur
1033 2965 1158 3017 haee
1178 2967 1245 3015 ita
1265 2961 1381 3016 sese
1400 2961 1642 3024 habeant,
1681 2969 1791 3013 tum
1809 2974 1965 3028 prae-

111 3033 240 3102 cipue
255 3039 484 3092 videmus
499 3079 515 3104 ‚
555 3055 646 3095 eos
665 3043 806 3098 omni
825 3043 1206 3111 superstitionis
1226 3043 1399 3110 generi
1418 3040 1801 3094 addictissimos
1822 3051 1956 3100 esse,

1468 3127 1535 3176 ¹*
