2350 3475
845 107 1226 155 ruanra'no.
1938 107 1977 167 9

96 288 330 341 melate
357 288 588 339 liberam
609 286 908 353 relinquere
935 291 990 337 et
1013 286 1152 337 nihil
1184 300 1304 337 eum
1320 288 1663 355 philosophia
1698 304 1972 341 commum

95 367 282 417 Italam
296 404 312 428 ,
349 364 445 419 aed
467 372 574 417 tam
591 363 725 418 hanc
741 401 754 424 ‚
793 376 948 429 quam
968 362 1110 415 illam
1129 363 1337 431 proprie
1358 378 1455 417 suo
1475 364 1579 417 talo
1601 364 1711 417 niti.
1783 363 1873 420 25.
1910 366 1979 417 ut

24 458 26 471 ·
97 443 216 494 haee
227 450 402 495 autem
421 441 706 508 apodictico
724 441 1129 493 demonstrarem
1150 454 1363 507 remque
1384 448 1539 495 totam
1555 442 1973 505 determinatam,

96 520 335 582 ostendo,
377 534 488 586 qua
512 520 601 569 via
618 516 900 584 Scriptura
923 520 998 569 ait
1020 518 1419 585 eumpretanda
1434 556 1449 583 ,
1486 525 1539 571 et
1567 518 1705 585 quod
1734 525 1837 571 tota
1858 518 1977 570 eius

97 611 368 663 rerumque
397 595 746 663 spiritualium
777 595 998 660 cognitio
1025 593 1092 647 ab
1109 596 1225 661 ipsa
1242 594 1381 661 sola,
1420 603 1593 647 etnon
1613 594 1679 648 ab
1706 597 1801 659 iis,
1842 607 1976 661 quae

97 673 290 725 lumine
321 672 545 725 naturali
569 671 965 739 cognoscimus,
1003 673 1108 737 peti
1140 671 1340 724 debeat.
1410 674 1548 725 Hinc
1577 680 1780 725 transeo
1814 670 1881 723 ad
1910 686 1977 721 ea

24 778 29 805 ›
93 750 426 815 praeiudicia
443 749 778 812 ostendenda,
809 749 1084 814 quoinde
1103 754 1225 801 orta
1240 754 1380 815 sunt,
1424 750 1565 816 quod
1584 750 1769 816 vulgus
1788 762 1978 815 super-

98 828 290 878 stitiorfi
308 827 594 889 addietum,
632 833 684 879 et
700 825 840 893 quod
861 826 1105 891 temporis
1124 826 1369 892 reliquias
1389 840 1546 893 supra
1566 828 1734 893 ipsam
1754 826 1979 879 aeterni-

23 932 30 955 ·
97 911 242 955 tatem
270 910 440 965 amat,
474 903 636 955 libros
664 903 839 970 potius
867 903 1187 969 scripturae,
1228 918 1383 969 quam
1420 905 1593 971 ipsum
1631 904 1727 955 Dei
1762 901 1977 955 verbum

99 979 286 1031 adoret.
355 980 444 1036 26.
483 982 612 1031 Post
637 980 764 1031 haec
790 978 1035 1041 ostendo,
1073 982 1289 1031 verbum
1308 981 1397 1031 dei
1419 980 1710 1033 revelatum
1735 994 1838 1031 non
1860 994 1977 1033 esse

99 1064 290 1109 certum
321 1056 584 1123 quendam
613 1069 891 1108 numerum
921 1055 1199 1118 librorum,
1240 1057 1332 1109 sed
1362 1064 1667 1125 conceptum
1688 1057 1977 1124 simplicem

99 1135 284 1185 mentis
319 1135 522 1186 divinae
559 1130 824 1199 prophetis
861 1132 1134 1192 revelatae;
1186 1134 1382 1187 scilicet
1414 1136 1523 1187 Deo
1570 1135 1767 1201 integro
1800 1136 1975 1186 animo

98 1210 304 1261 obedire
331 1210 586 1263 iustitiam
611 1217 664 1261 et
691 1209 952 1263 caritatem
983 1208 1222 1263 colendo.
1292 1210 1467 1276 Atque
1501 1211 1598 1263 hoc
1634 1211 1881 1274 ostendo,
1920 1212 1975 1261 in

99 1289 356 1355 Scriptura
387 1287 554 1339 doceri
583 1286 871 1339 seeundum
901 1293 1108 1353 captum
1143 1293 1196 1338 et
1230 1288 1502 1353 opiniones
1531 1302 1738 1350 eorum,
1780 1287 1975 1353 quibus

97 1364 370 1431 prophetae
393 1373 446 1416 et
475 1363 693 1432 apostoli
720 1362 817 1414 hoe
841 1363 1055 1415 verbum
1073 1364 1169 1414 Dei
1196 1362 1492 1430 praedicare
1519 1362 1781 1424 solebant3
1832 1363 1975 1430 quod

22 1440 24 1447 '
97 1442 208 1492 ideo
233 1441 491 1504 fecerunt,
531 1448 592 1493 ut
618 1440 672 1493 id
701 1439 939 1493 homines
965 1442 1081 1493 sine
1111 1440 1217 1491 ulla
1245 1441 1583 1506 repugnantia
1603 1448 1758 1507 atque
1775 1441 1975 1506 integro

22 1514 24 1531 '
97 1520 266 1569 auimo
285 1517 732 1584 amplecterentur.
803 1517 893 1572 27.
928 1515 1429 1571 Fundamentalibus
1446 1516 1636 1570 deinde
1654 1517 1775 1571 fidei
1794 1525 1975 1569 osten-

97 1597 167 1647 sis
193 1593 448 1647 concludo
475 1595 728 1660 denique,
768 1595 1032 1647 obiectum
1055 1596 1381 1660 cognitionis
1404 1595 1671 1645 molatae
1696 1594 1833 1647 nihil
1864 1610 1974 1645 ease

95 1677 306 1738 praeter
323 1672 694 1737 obedientiam,
717 1677 874 1737 atque
891 1670 1020 1723 adeo
1039 1685 1069 1725 a
1088 1670 1311 1723 naturali
1330 1672 1619 1738 cognitione
1633 1679 1737 1725 tam
1751 1670 1973 1734 obiecto,

20 1801 27 1826 ,
97 1763 250 1814 quam
271 1748 622 1802 fundamentis
643 1756 696 1801 et
711 1744 896 1802 mediis
913 1763 1130 1815 prorsus
1150 1748 1447 1802 distinctam
1467 1765 1583 1804 esse
1598 1787 1615 1812 ,
1634 1757 1688 1802 et
1705 1748 1835 1805 nihil
1852 1763 1975 1802 cum

97 1825 190 1877 hae
207 1840 482 1878 commune
500 1825 691 1878 habere
707 1864 720 1887 ‚
760 1826 855 1878 sed
876 1832 980 1876 tam
997 1825 1130 1878 hauc
1143 1863 1159 1888 ‚
1200 1841 1357 1892 quam
1378 1827 1519 1880 illam
1532 1864 1549 1891 ,
1578 1840 1737 1880 suum
1755 1841 1975 1893 reguum

97 1902 290 1968 absque
319 1902 424 1954 ulla
459 1902 674 1955 alterius
714 1904 1050 1969 repugnantia
1086 1901 1349 1966 obtinere,
1388 1910 1441 1954 et
1474 1910 1710 1956 neutram
1744 1903 1975 1954 alterutri

20 1985 23 2000 '
97 1979 318 2033 ancillari
343 1978 551 2035 debere.
623 1981 712 2034 28.
749 1980 910 2030 Porro
944 1980 1066 2044 quia
1085 1979 1357 2032 hominum
1376 1982 1645 2046 ingenium
1665 1981 1863 2032 varium
1883 1979 1975 2032 ad-

99 2049 304 2109 modum
323 2064 432 2118 estx
463 2064 516 2107 et
531 2056 670 2108 alius
687 2055 788 2118 his,
826 2055 960 2107 alius
979 2056 1084 2108 illis
1104 2055 1439 2123 opinionibus
1460 2056 1648 2110 melius
1668 2057 1969 2122 acquiescit,

99 2140 144 2182 et
170 2135 306 2198 quod
335 2132 477 2184 hunc
503 2132 570 2183 ad
600 2133 926 2198 religionem,
968 2133 1112 2185 illum
1153 2132 1220 2184 ad
1258 2134 1423 2185 risum
1450 2140 1653 2197 movet,
1694 2133 1817 2186 inde
1852 2147 1975 2184 cum

20 2221 22 2224 ’
99 2210 400 2276 supradietis
420 2208 692 2271 concludo,
733 2212 1019 2276 unicuique
1036 2212 1124 2260 aui
1139 2211 1333 2261 iudicii
1348 2210 1649 2266 libertatem
1663 2215 1722 2262 et
1734 2214 1974 2276 potesta-

20 2291 22 2300 '
97 2287 562 2351 temfimdamenta
575 2286 718 2352 fidei
735 2302 806 2338 em
819 2302 916 2340 suo
935 2289 1150 2352 ingenio
1171 2287 1559 2354 interpretandi
1572 2286 1973 2353 relinquendam

99 2370 145 2413 et
163 2363 316 2414 iidem
335 2363 759 2429 uniuscuiusque
779 2377 840 2414 ex
855 2363 984 2414 solis
1002 2362 1246 2430 operibus
1264 2363 1613 2427 iudicandam,
1655 2378 1782 2416 num
1801 2362 1886 2429 pia
1906 2377 1970 2413 an

19 2429 28 2444 ”
99 2441 247 2504 impia
269 2440 364 2491 sit.
433 2441 524 2492 Sic
551 2454 671 2504 ergo
698 2454 880 2492 omnes
909 2440 1108 2507 integro
1145 2447 1197 2491 et
1228 2440 1390 2492 libero
1426 2440 1601 2492 animo
1628 2441 1725 2492 deo
1762 2438 1973 2492 obedire

98 2522 360 2580 poterunt,
397 2522 450 2568 et
481 2515 596 2568 sola
632 2516 824 2568 iustitia
861 2523 914 2570 et
947 2517 1132 2569 caritas
1167 2516 1307 2583 apud
1344 2530 1526 2570 omnes
1562 2517 1616 2568 in
1651 2515 1817 2584 pretio
1854 2516 1971 2568 erit.
2050 2565 2067 2580 ,

97 2593 178 2644 29.
211 2593 498 2658 Postquam
519 2591 604 2643 his
621 2590 934 2655 libertatem,
977 2607 1134 2658 quarn
1164 2593 1243 2646 lex
1264 2594 1433 2646 divina
1452 2592 1668 2648 revelata
1686 2593 1972 2658 unicuique

29 2696 34 2701 ,
97 2669 352 2732 concedit,
391 2669 626 2731 ostendi,
665 2669 734 2722 ad
761 2669 971 2722 alteram
999 2671 1325 2736 quaestionis
1341 2675 1538 2736 partem
1560 2682 1745 2736 perg03
1782 2683 1972 2736 nempe

97 2747 224 2798 harae
255 2745 478 2796 eandem
511 2746 810 2797 libertatem
843 2745 994 2796 salva
1025 2747 1352 2813 reipublicae
1386 2762 1524 2814 pace
1560 2750 1619 2798 et
1648 2761 1973 2798 summarum

87 2827 406 2887 potestatam
430 2825 548 2874 itu-e
564 2839 722 2890 posse
748 2827 804 2872 et
830 2825 993 2874 etiam
1009 2823 1229 2875 concedi
1254 2823 1470 2886 debere,
1507 2837 1603 2873 nec
1620 2839 1777 2890 poue
1802 2823 1973 2876 adimi

97 2899 283 2964 absque
311 2913 510 2966 magno
527 2902 684 2967 pacis
701 2900 946 2965 periculo
962 2915 1261 2966 magnoque
1282 2903 1444 2952 totius
1461 2901 1786 2968 reipublicae
1805 2901 1969 2952 dem-

95 2980 278 3027 πωπω.
349 2975 436 3028 Ad
461 2975 589 3028 baec
615 2982 786 3028 autem
819 2975 1279 3031 demonstrandum
1310 2992 1344 3027 a
1371 2979 1489 3030 ita-e
1516 2978 1758 3030 naturali
1782 2979 1970 3028 unim-

96 3055 340 3121 cuimque
367 3053 586 3122 incipio5
625 3054 765 3120 quod
791 3053 992 3108 scilicet
1023 3069 1084 3110 eo
1103 3069 1274 3122 usque
1290 3069 1350 3110 se
1370 3054 1616 3121 extendit,
1654 3068 1759 3124 que
1778 3053 1969 3108 unius-
