2350 3475
378 82 503 149 1⁰2
778 87 1167 135 'ritae-rarus
1205 86 1863 135 Tnsseeoetco-Pour.

380 276 431 321 et
468 268 706 334 quemvis
740 266 995 334 quaedem
1032 265 1251 319 mendae
1289 264 1454 317 clarae
1489 273 1690 327 esseut,
1749 280 1854 318 noa
1889 272 2066 317 tamen
2100 278 2268 319 ausos

373 345 537 397 fuisse
564 346 894 411 antiquorum
922 351 973 395 et
1000 344 1253 395 maiorum
1283 343 1470 409 scripta
1497 344 1788 397 emendare.
1861 344 1966 395 Nec
1993 355 2130 411 opus
2157 346 2266 397 iam

370 421 565 485 habeo,
602 429 663 473 ut
690 420 755 473 de
784 421 865 471 bis
896 420 1143 487 prolixius
1173 420 1258 473 bic
1284 421 1468 472 iterum
1491 434 1660 486 agam.
1729 420 1816 471 31.
1855 422 2084 473 Transeo
2105 423 2268 486 igitur
2336 446 2337 459 π

370 499 435 551 ad
473 512 561 551 ees
596 496 964 559 indicandum,
1006 511 1137 563 quae
1168 498 1220 548 in
1262 497 1492 563 margine
1527 512 1632 549 non
1671 504 1930 551 notantur.
2003 499 2180 563 Atque
2219 502 2262 549 1.
2336 514 2337 559 3

370 578 547 626 nescio
577 582 703 639 quot
733 573 897 625 dicam
930 574 1206 640 irrepsisse
1223 574 1276 625 iu
1297 576 1488 641 σφηξὶ.
1509 576 1736 635 Hezrae;
1775 589 1894 626 nam
1914 590 1964 626 v.
1987 576 2072 627 64.
2095 576 2265 627 tradi-
2336 572 2337 575 ’

371 660 455 703 tur
480 664 687 701 summa
717 651 887 701 totalis
918 665 1097 702 eorum
1129 652 1390 713 omnium,
1432 652 1524 718 qui
1545 652 1872 704 distributive
1892 654 1943 704 in
1963 658 2072 705 toto
2089 654 2263 721 capite

370 734 725 789 numerantur,
746 734 900 794 atque
920 727 1078 779 iidem
1102 728 1344 779 dicuntur
1363 728 1519 779 simul
1539 729 1706 781 fuisse
1724 729 1894 783 4236«)
1909 767 1922 790 ,
1945 736 1999 781 et
2017 738 2190 782 tamen
2213 731 2262 781 si

368 819 605 855 summas
626 804 865 873 partiales
884 804 1067 867 addas,
1090 819 1193 855 non
1216 803 1390 870 piures
1407 806 1657 867 invenies,
1681 820 1837 871 quam
1855 807 2047 860 29818.
2101 808 2262 859 Error
2336 832 2337 847 κ

368 882 523 947 igitur
549 880 631 933 bie
658 887 739 933 est
767 881 845 933 vei
873 883 925 932 in
958 882 1127 941 totali,
1166 881 1244 933 vel
1274 883 1326 933 in
1356 882 1662 948 partialibus
1681 884 1924 935 summiS.
1995 884 2064 935 At
2087 884 2263 937 totalis
2336 918 2337 921 =

372 958 625 1010 credenda
653 958 856 1011 videtur
882 965 1017 1010 recte
1046 959 1204 1022 tradi,
1245 960 1366 1024 quia
1397 960 1510 1010 siue
1539 958 1702 1011 dubio
1741 974 1854 1011 eam
1891 962 2263 1027 unusquisque

368 1037 663 1088 memoriter
692 1034 931 1095 retinuit,
972 1044 1029 1087 ut
1066 1050 1174 1087 rem
1211 1035 1628 1097 memorabilem;
1669 1038 1908 1103 partiales
1943 1044 2116 1089 autem
2155 1052 2260 1088 non

366 1116 512 1167 item.
585 1112 839 1179 Adeoque
868 1113 911 1163 si
941 1126 1079 1164 error
1115 1112 1169 1163 in
1211 1113 1419 1163 totalem
1459 1127 1718 1165 summam
1757 1113 2044 1176 laberetur,
2085 1116 2261 1167 statim
2336 1140 2337 1165 ;

368 1191 653 1256 unicuique
687 1195 885 1256 pateret
918 1196 969 1241 et
1005 1188 1152 1240 facile
1192 1191 1549 1256 corrigeretur.
1641 1190 1724 1245 32.
1759 1190 1934 1256 Atque
1971 1191 2065 1243 boc
2101 1205 2162 1243 ex
2199 1206 2264 1243 eo
2336 1184 2337 1189 '

368 1269 519 1335 plane
539 1265 891 1327 confirmatur,
930 1266 1071 1332 quod
1092 1268 1145 1315 in
1164 1266 1380 1318 Nebem.
1403 1280 1518 1333 cap.
1541 1266 1592 1318 ⁷.
1608 1306 1623 1329 ‚
1663 1266 1752 1317 ubi
1773 1266 1871 1319 boc
1889 1276 2044 1334 caput
2061 1270 2262 1319 Hezrae

370 1344 538 1414 (quod
569 1344 787 1410 epistole
815 1343 1141 1408 genealogiae
1179 1344 1412 1412 vocatur)
1451 1343 1791 1407 describitur,
1829 1345 1984 1396 sicuti
2021 1360 2262 1412 expresse

366 1436 522 1473 versu
545 1425 595 1473 5.
630 1421 866 1473 eiusdem
887 1434 1001 1487 cap.
1022 1420 1300 1473 Nebemiee
1328 1420 1543 1485 dicitur,
1585 1435 1790 1472 summa
1818 1420 1989 1473 totalis
2019 1436 2136 1473 cum
2167 1422 2266 1473 bac
2336 1414 2337 1429 ἢ

368 1498 485 1551 iibri
522 1501 721 1551 Hezrae
758 1498 910 1563 plane
948 1497 1216 1559 convenit,
1273 1497 1514 1563 partiales
1553 1504 1724 1549 autem
1761 1497 1908 1549 vaide
1944 1497 2260 1566 discrepant.
2336 1524 2337 1571 3

372 1576 637 1641 Quasdam
660 1576 799 1626 enim
824 1576 1043 1625 maiores
1058 1613 1072 1636 ,
1105 1572 1360 1640 quasdam
1382 1589 1534 1641 porro
1553 1576 1810 1639 minores,
1841 1590 1999 1642 quam
2019 1576 2073 1626 in
2095 1578 2268 1627 Hem

369 1654 623 1719 reperies,
662 1664 857 1715 easque
885 1664 1067 1701 omnes
1094 1649 1251 1703 simui
1282 1650 1531 1703 conficere
1559 1652 1748 1705 31089.
1825 1655 1997 1717 Quare
2021 1668 2126 1703 non
2157 1652 2267 1704 du-

368 1730 512 1781 bium
535 1735 638 1791 est,
681 1729 809 1795 quin
840 1728 892 1778 in
922 1727 1059 1778 soles
1088 1743 1324 1780 summas
1350 1730 1590 1795 partiales
1619 1739 1726 1782 tam
1749 1730 1864 1782 iibri
1883 1732 2080 1783 Hezrae
2099 1745 2265 1797 quam

258 1850 262 1854 s
367 1807 643 1858 Nebemiae
674 1806 853 1870 piures
884 1804 1100 1856 men-dae
1131 1806 1449 1870 irrepserint.
1525 1809 1610 1860 33.
1652 1809 2124 1861 commentatorum
2163 1823 2267 1860 au-

370 1890 499 1945 tem,
550 1883 639 1948 qui
686 1881 781 1933 has
825 1882 1087 1934 evidentes
1132 1883 1563 1936 contradictiones
1611 1886 1936 1936 reconciliare
1983 1892 2260 1950 conantur,

374 1959 739 2026 unusquisque
759 1973 853 2026 pro
882 1960 1077 2012 viribus
1106 1961 1188 2010 sui
1217 1961 1436 2026 ingenii,
1479 1962 1726 2028 quicquid
1761 1968 1954 2027 potest,
1995 1960 2170 2026 tingit3
2209 1970 2267 2012 et
2336 1961 2337 2020 ξ

372 2039 590 2098 interea,
632 2035 756 2087 dum
800 2036 999 2087 scilicet
1036 2036 1208 2089 iiteras
1247 2046 1297 2088 et
1333 2038 1485 2089 verba
1527 2041 1816 2105 scripturae
1853 2037 2090 2100 adorant,
2134 2039 2264 2090 nibil

370 2114 510 2166 aiiud
542 2114 763 2175 faciunt,
805 2122 863 2164 ut
891 2115 995 2166 iam
1025 2129 1182 2181 supra
1209 2114 1596 2179 monuimus*),
1637 2130 1790 2182 quam
1811 2114 2098 2166 Bibliorum
2123 2119 2264 2166 scri—
2336 2113 2337 2184 J

370 2199 543 2258 ptores
574 2193 856 2243 contemtui
884 2205 1164 2257 exponere,
1203 2192 1334 2242 adeo
1362 2199 1421 2243 ut
1449 2192 1742 2243 viderentur
1775 2194 2058 2244 nescivisse
2095 2191 2259 2258 ioqui,
2336 2213 2337 2250 ἢ

374 2283 543 2335 neque
562 2283 645 2321 res
664 2267 915 2320 dicendas
935 2268 1197 2330 ordinare;
1235 2271 1340 2320 imo
1359 2269 1486 2320 nihii
1506 2269 1644 2320 aliud
1675 2269 1893 2332 faciunt,
1934 2283 2090 2334 quam
2111 2270 2262 2320 Scri·-

370 2354 549 2413 ptnrae
578 2347 1003 2414 perspicuitatem
1038 2347 1192 2412 piane
1233 2345 1528 2397 obscurare.
1601 2347 1730 2397 Nam
1769 2348 1814 2397 si
1852 2346 2048 2413 ubi-que
2083 2346 2266 2399 liceret

372 2425 665 2490 Scripturas
685 2425 749 2475 ad
773 2437 950 2475 eorum
974 2423 1186 2474 modum
1211 2424 1555 2490 interpretari,
1596 2422 1736 2474 nulla
1766 2432 1904 2476 esset
1922 2438 2048 2476 sane
2069 2426 2258 2487 oratio,

373 2501 437 2551 de
464 2502 615 2552 euius
643 2516 761 2552 vero
794 2515 953 2552 sensu
988 2514 1090 2551 non
1121 2515 1398 2566 possemus
1429 2498 1682 2550 dubitare.
1757 2501 1842 2552 34.
1881 2501 1982 2552 Sed
2013 2515 2116 2552 non
2157 2510 2260 2566 est,
2336 2515 2337 2520 ¹

372 2591 463 2630 cut·
488 2579 621 2629 circa
649 2577 772 2629 baec
799 2577 891 2628 diu
922 2577 1171 2630 detinear.
1244 2577 1370 2630 Mihi
1403 2577 1540 2626 enim
1572 2577 1884 2642 persuadeo,
1925 2579 2063 2644 quod
2092 2579 2136 2629 si
2159 2579 2264 2629 ali-
2336 2611 2337 2622 η

374 2655 492 2720 quis
514 2654 788 2704 historicus
809 2667 865 2704 ea
888 2656 1057 2705 omnia
1078 2655 1266 2706 imitari
1297 2653 1471 2714 vellet,
1515 2667 1648 2718 quae
1677 2654 1774 2720 ipsi
1806 2653 2146 2720 scriptoribus
2168 2657 2265 2706 Bi-

372 2731 593 2782 bliorum
616 2731 795 2782 devote
816 2731 1134 2790 concedunt,
1179 2745 1296 2784 eum
1319 2731 1418 2796 ipsi
1441 2730 1616 2780 multis
1640 2730 1806 2782 modis
1831 2732 2118 2784 irriderent.
2193 2733 2264 2784 Et
2336 2769 2337 2780 ,

370 2809 417 2860 si
446 2815 657 2876 putant,
699 2821 817 2860 eum
852 2807 1211 2875 blasphemum
1241 2821 1384 2868 esse,
1427 2807 1516 2873 qui
1539 2807 1852 2874 scripturam
1883 2809 2072 2862 alicubi
2103 2825 2265 2864 meu-

371 2886 553 2937 dosem
581 2898 698 2936 esse
719 2886 869 2948 dicit,
902 2899 1119 2952 quaeso,
1154 2898 1258 2952 quo
1287 2884 1496 2936 nomine
1525 2891 1634 2936 tum
1664 2885 1808 2954 ipsos
1839 2886 2136 2954 appellabo,
2172 2891 2266 2956 qui

475 3054 515 3106 ¹⁴)
551 3053 650 3099 Vid.
672 3032 776 3114 cap:
796 3056 837 3096 9.
857 3057 898 3109 ς.
920 3057 986 3097 28.
1008 3067 1112 3113 sqq.
1170 3053 1303 3101 Geni.
1325 3065 1366 3100 c.
1387 3053 1429 3098 9.
1451 3054 1494 3108 ς.
1513 3053 1554 3098 9.
1577 3060 1672 3100 not.
1711 3056 1755 3108 ς.
1778 3057 1842 3097 ¹2.
1865 3061 1960 3100 not·
