2350 3475
915 118 1052 164 cn».
1108 118 1171 165 11.
1904 117 1985 176 45

99 297 244 357 ravit3
285 302 338 346 et
367 294 490 346 ideo
518 295 669 345 etiam
691 309 748 345 se
767 308 923 360 supra
940 294 1103 359 legem
1125 296 1273 361 (nam
1293 309 1351 346 ea
1372 296 1439 346 iis
1458 302 1659 347 tantum
1680 295 1865 347 tradita
1885 306 1981 361 est,

24 386 27 425 ξ
100 375 182 437 qui
211 376 412 424 ratione
442 379 494 423 et
513 370 762 423 naturalis
781 370 1071 423 intellectus
1092 374 1419 425 documentis
1438 375 1639 441 carent)
1658 374 1983 436 existimavit,

24 430 27 455 '
99 450 340 516 legesque
363 463 568 511 omnes,
609 463 740 515 quae
762 463 930 513 regem
953 456 1203 515 spectant,
1244 458 1447 517 atquae
1466 450 1634 503 tribus
1653 452 1984 519 potissimum

100 526 403 579 constabant
431 526 574 592 (vide
603 518 754 577 Dent.
788 540 902 593 cap.
928 527 1012 579 17.
1034 542 1082 579 v.
1106 528 1191 579 16.
1218 528 1358 595 17.),
1398 529 1537 595 parvi
1567 528 1838 596 pependit,
1878 529 1985 579 imo

24 606 34 623 ⁵
101 618 184 655 eas
209 606 368 672 plane
395 603 598 656 violavit
635 602 726 669 (in
765 618 868 669 quo
909 611 1078 654 tamen
1117 606 1327 666 erravit,
1368 620 1461 657 nec
1497 606 1638 671 quod
1677 604 1985 673 philosopho

106 681 312 746 dignum
333 682 469 747 egit,
507 695 722 748 nempe,
741 718 744 721 -
763 680 902 746 quod
932 680 1280 747 voluptatibus
1308 681 1650 751 indulserit),
1678 684 1853 735 omnia
1878 684 1987 733 for-

103 767 249 809 tunae
280 758 420 810 bona
449 757 756 809 mortalibus
787 771 913 809 vana
943 772 1061 809 esse
1091 758 1268 810 docuit
1296 760 1434 822 (vide
1452 759 1773 823 Ecclesiast.)
1790 768 1841 813 et
1857 761 1985 813 nihil

107 836 335 887 homines
373 835 638 887 intellectu
677 837 1022 901 praestantius
1060 835 1284 900 habere,
1342 852 1437 889 nec
1482 838 1663 889 maiori
1708 838 1985 905 supplicio,

23 912 30 927 ⁶
107 928 250 977 quam
271 914 514 975 stultitia,
553 914 746 979 puniri.
819 912 952 963 Vide
971 914 1214 965 Proverb.
1238 928 1352 979 cap.
1379 915 1461 966 16.
1484 930 1533 966 v.
1555 918 1642 969 22.
1664 916 1752 969 23.

199 993 284 1043 49.
327 991 433 1042 Sed
455 992 518 1041 ad
550 988 823 1056 prophetas
851 998 1191 1055 revertamur,
1234 1004 1455 1056 quorum
1488 990 1841 1059 discrepantes
1870 993 1987 1058 opi-

109 1068 279 1119 niones
307 1070 465 1119 etiam
497 1075 670 1120 notare
691 1068 1038 1133 suscepimus.
1110 1068 1393 1120 Ezechielis
1415 1070 1698 1121 sententias
1718 1070 1847 1121 adeo
1866 1084 1990 1121 sen·
2047 1096 2053 1109 ι

109 1147 270 1196 tentiis
291 1146 462 1198 Musis
483 1152 828 1211 repugnantes
847 1146 1156 1197 invenerunt
1172 1144 1359 1197 Rabini
1375 1185 1388 1206 ,
1430 1147 1519 1211 qui
1552 1146 1705 1197 nobis
1730 1146 1849 1197 illos
1869 1145 1989 1213 (qui
2033 1196 2041 1201 ,,

109 1224 198 1272 iam
229 1231 432 1274 tantum
457 1223 676 1287 exstant)
711 1222 870 1272 libros
898 1223 1267 1289 prophetarum
1292 1222 1615 1287 reliquerunt
1644 1222 1747 1289 (uti
1773 1230 1988 1274 tractatu

109 1297 304 1351 Sabbati
327 1314 444 1365 cap.
469 1302 520 1351 1.
542 1298 632 1349 fol.
656 1301 740 1354 13.
759 1314 816 1366 p.
839 1301 892 1352 2.
915 1300 1201 1364 narratur),
1226 1306 1285 1351 ut
1302 1300 1407 1350 fere
1426 1299 1835 1363 deliberaverint,
1874 1302 1987 1351 eius

107 1376 284 1427 librum
317 1378 457 1427 inter
483 1376 759 1427 canonicos
789 1391 892 1427 non
921 1376 1215 1438 admittere,
1257 1382 1412 1442 atque
1441 1376 1665 1428 eundem
1693 1376 1845 1443 plane
1864 1376 1989 1426 abs—

107 1455 486 1516 condidissent‚
523 1454 622 1505 nisi
654 1454 862 1518 quidam
886 1453 1176 1505 Chananias
1206 1454 1257 1503 in
1288 1468 1345 1503 se
1364 1454 1684 1519 suscepisset
1700 1456 1877 1519 ipsum
1899 1469 1987 1504 ex·-

107 1531 313 1595 plicare;
359 1531 500 1597 quod
535 1530 739 1582 tandem
769 1546 957 1597 magno
985 1545 1104 1581 cum
1131 1529 1307 1581 labore
1336 1536 1387 1580 et
1416 1532 1588 1585 studio
1609 1531 1695 1598 (ut
1716 1531 1787 1582 ibi
1810 1545 1988 1582 narra-

105 1609 202 1674 tur)
233 1610 381 1659 aiunt
409 1609 582 1675 ipsum
610 1608 826 1669 fecisse3
869 1622 970 1673 qna
999 1610 1193 1659 ratione
1223 1615 1424 1673 autem,
1466 1623 1573 1659 non
1604 1610 1730 1660 satis
1762 1616 1982 1669 constat,

104 1700 314 1752 nempe,
355 1699 419 1737 an
443 1685 585 1752 quod
607 1686 1062 1748 commentarium,
1103 1687 1192 1751 qui
1218 1686 1347 1737 forte
1367 1686 1546 1753 periit,
1585 1688 1866 1753 scripserit,
1908 1685 1986 1737 vel

105 1761 238 1828 quod
255 1766 372 1830 ipsa
393 1763 680 1814 Ezechielis
699 1763 850 1814 verba
881 1771 931 1814 et
953 1765 1210 1814 orationes
1230 1763 1435 1830 (utsuit
1452 1764 1691 1826 audacia)
1714 1766 1987 1814 mutaverit

101 1848 222 1892 etex
241 1855 346 1892 suo
367 1841 576 1905 ingenio
603 1842 874 1892 ornaverits
945 1841 1216 1908 Quidquid
1244 1842 1341 1901 sit,
1384 1855 1497 1906 cap.
1518 1841 1701 1892 saltem
1725 1840 1861 1908 182²)
1881 1857 1984 1892 non

23 1949 30 1972 .
102 1919 296 1969 videtur
333 1917 606 1968 convenire
643 1931 758 1969 cum
798 1932 951 1969 versu
979 1919 1031 1970 7.
1061 1932 1174 1985 cap.
1198 1919 1285 1969 34.
1317 1919 1512 1980 Exodi,
1554 1933 1649 1968 nec
1676 1932 1795 1969 cum
1824 1933 1872 1969 v.
1898 1918 1982 1969 18.

103 2011 210 2062 cap.
233 1995 324 2051 32.
346 1997 534 2045 Ierem.
558 2001 658 2045 etc.
733 1997 818 2046 5⁰.
892 1994 1138 2046 Shamnel
1159 1994 1417 2058 credebat,
1446 1997 1635 2058 Deum,
1674 1994 1767 2045 ubi
1788 1995 1984 2061 aliquid

100 2075 420 2132 decreverat,
471 2086 736 2137 nunquam
776 2074 964 2123 dec-reti
1002 2073 1265 2139 poenitere
1300 2071 1457 2139 (vide
1493 2071 1585 2125 lib.
1631 2074 1653 2123 1
1692 2071 1985 2122 Shamuelis

100 2166 209 2217 cap.
237 2151 324 2202 15.
347 2147 566 2214 v.'29.);
604 2163 726 2199 nam
745 2149 902 2201 Saulo
919 2188 932 2212 ,
974 2151 1057 2199 sui
1089 2151 1282 2215 pecca-ti
1303 2149 1583 2215 poenitenti
1602 2156 1650 2199 et
1668 2150 1837 2200 Deum
1858 2149 1987 2199 ado-

97 2243 205 2278 rare
235 2227 545 2290 veniamque
564 2225 630 2275 ab
658 2227 773 2292 ipso
805 2234 982 2293 petere
997 2226 1215 2292 volenti,
1253 2227 1404 2290 dixit,
1443 2227 1610 2278 Deum
1632 2241 1787 2276 suum
1808 2231 1984 2276 contra

99 2319 212 2356 enm
235 2305 504 2356 decretum
527 2317 628 2352 non
653 2311 992 2356 mutaturum.
1047 2305 1293 2356 Ieremine
1314 2310 1487 2356 autem
1508 2312 1683 2354 contra
1706 2303 1982 2355 revelatum

99 2382 192 2432 suit
222 2381 369 2447 (vide
387 2393 503 2446 cap.
529 2379 611 2430 18.
633 2395 683 2431 ν.
705 2383 759 2432 8.
783 2382 927 2448 10.),
965 2395 1153 2446 nempe
1183 2383 1383 2445 Deum,
1423 2381 1531 2433 sive
1558 2379 1751 2446 aliquid
1782 2379 1976 2442 damni,

98 2461 201 2509 sive
231 2455 432 2524 aliquid
459 2457 584 2509 boni
615 2456 768 2508 alicui
798 2459 988 2509 nationi
1020 2458 1325 2522 decreverit,
1362 2459 1444 2510 sui
1474 2458 1661 2511 decreti
1700 2457 1974 2522 poenitere,

99 2537 252 2586 modo
279 2535 518 2587 homines
548 2535 701 2586 etiam
732 2550 759 2587 a
792 2542 1020 2602 tempore
1051 2537 1335 2588 sententiae
1362 2535 1443 2588 vel
1472 2537 1523 2586 in
1554 2535 1770 2595 melius,
1810 2533 1889 2584 ve}
1926 2535 1978 2585 in

98 2615 244 2678 peius
271 2617 561 2664 mutentur.
633 2611 703 2662 At
731 2614 835 2664 ΙοέΙ
856 2615 1024 2664 Deum
1057 2614 1232 2664 damni
1261 2613 1522 2681 poenitere
1552 2618 1751 2661 tantum
1784 2610 1977 2661 docuit.

99 2691 254 2756 (Vide
285 2690 402 2740 eius
419 2701 534 2754 cap.
555 2691 608 2740 2.
631 2703 678 2741 v.
706 2691 820 2757 13.)
895 2692 978 2741 51.
1018 2692 1255 2755 Denique
1284 2704 1342 2741 ex
1370 2691 1535 2756 capite
1566 2691 1618 2740 4.
1640 2689 1829 2739 Genes.
1853 2703 1901 2739 v.
1927 2689 1978 2740 7.

98 2768 384 2820 clarissime
411 2773 638 2828 constat,
679 2766 942 2820 hominem
971 2782 1126 2833 posse
1153 2770 1349 2834 peccati
1375 2767 1682 2817 tentationes
1702 2765 1911 2816 domare
1932 2773 1985 2816 et

97 2844 224 2897 bene
253 2859 431 2910 ειμι-ος
473 2844 525 2895 id
557 2845 693 2895 enim
723 2847 891 2896 Kaino
919 2844 1131 2910 dicitur,
1172 2847 1261 2910 qui
1288 2852 1460 2895 tamen
1478 2883 1491 2906 ,
1528 2849 1590 2894 nt
1616 2857 1675 2894 ex
1704 2843 1820 2908 ipsa
1841 2845 1983 2894 Scri-

98 2931 240 2988 ptura
263 2929 317 2974 est
334 2922 556 2988 Iosepho
583 2929 809 2985 constat,
851 2935 940 2974 eas
969 2937 1237 2987 nunquam
1270 2922 1511 2974 domavit.
1584 2921 1728 2972 Idem
1750 2917 1902 2972 etiain
1924 2936 1981 2970 ex

195 3094 240 3144 *)
283 3091 387 3136 vid.
408 3091 624 3148 inprimis
645 3105 684 3137 v.
707 3094 769 3134 Π.
791 3095 859 3135 2⁰.
