2350 3475
348 60 471 124 140
736 61 1125 111 ‘reseramus
1160 61 1819 110 TnEoLtielco-POLIT.

346 245 450 293 ret.
523 241 679 305 Quod
706 248 911 306 tempus
938 240 1231 293 necessario
1257 238 1583 293 referendum
1611 247 1690 291 est
1716 238 1779 291 ad
1802 237 1944 291 aliud
1957 277 1973 302 ,
2009 238 2078 290 de
2117 245 2232 306 q'uo

2325 278 2327 317 1

344 319 641 372 immediate
662 320 909 385 loquutus
930 317 1101 385 est*);
1139 325 1193 368 at
1218 316 1282 368 ad
1301 318 1355 369 id
1371 356 1384 379 ,
1425 318 1488 370 de
1507 332 1612 384 quo
1630 318 1684 369 in
1703 316 1894 369 Genesi
1922 315 2234 369 immediate
2326 318 2327 337 ³

342 398 529 462 agitur,
550 397 761 447 minime
783 394 958 446 referri
978 402 1167 462 potest.
1215 392 1300 447 Ab
1321 410 1382 447 eo
1401 396 1556 457 enim,
1581 408 1769 462 nempe
1785 408 1816 445 a
1835 408 1940 460 quo
1959 392 2234 459 Iosephus

346 474 400 525 in
417 473 711 541 Aegyptum
732 470 919 523 ductus
948 471 1069 533 suit,
1112 485 1283 537 usque
1305 487 1410 538 quo
1430 471 1651 524 Iacobus
1671 471 1950 537 patriarcha
1970 484 2090 521 cum
2115 478 2233 522 tota
2326 472 2329 523 ’1

342 550 534 601 familia
554 563 615 601 eo
634 550 787 600 etiam
808 548 1068 613 profectus
1088 555 1190 610 est,
1231 562 1336 601 non
1353 548 1474 615 plus
1487 588 1502 611 ‚
1532 564 1689 615 quam
1708 550 1882 615 viginti
1901 546 2034 598 duos
2053 561 2232 599 annos

316 663 319 666 -
344 639 611 679 numerare
646 638 950 691 possumus.
1034 626 1085 677 9.
1130 626 1262 677 Nam
1291 626 1546 692 Iosephus
1576 641 1738 693 quum
1766 641 1796 677 a
1824 624 2068 677 fratribus
2095 639 2234 677 ven-

342 704 576 765 deretur,
615 701 965 769 septendecim
1004 715 1171 754 annos
1209 709 1360 753 natus
1388 710 1522 768 erat,
1563 711 1615 755 et
1650 717 1814 770 quum
1839 716 1869 753 a
1897 702 2168 754 Pharaone
2199 717 2231 753 e

342 779 631 831 carceribus
659 779 829 831 vocari
856 778 1145 841 iuberetur,
1187 779 1421 844 triginta:
1461 779 1654 845 quihus
1685 782 1730 831 si
1749 778 2002 830 addantur
2019 786 2232 845 septem

344 858 465 908 anni
485 855 757 908 fertilitatis
776 863 828 909 et
844 856 949 909 duo
968 855 1121 907 samis
1138 894 1151 917 ,
1193 854 1466 908 conficient
1495 856 1652 909 simul
1683 858 1859 923 viginti
1881 856 2012 907 duos
2031 870 2230 908 annos.

344 934 427 985 10.
464 932 630 998 Atqui
656 932 755 984 hec
784 934 1027 1000 tem-poris
1055 931 1318 984 intervallo
1347 948 1502 985 nemo
1529 934 1796 1000 concipere
1826 934 2008 1000 poterit
2034 940 2111 985 tot
2139 948 2231 985 res

342 1010 640 1075 contingere
661 1011 923 1075 potuisse;
946 1023 1132 1075 nempe
1152 1008 1291 1075 quod
1308 1011 1340 1061 1
1343 1010 1443 1061 uda
1462 1018 1564 1063 tres
1582 1010 1772 1062 liberos
1792 1025 1852 1062 ex
1869 1010 2024 1063 unica
2043 1026 2226 1073 uxore,

343 1102 499 1152 quam
516 1096 624 1139 tum
642 1085 799 1148 duxit,
817 1100 981 1137 unum
996 1093 1116 1151 post
1128 1087 1287 1138 alium
1302 1089 1650 1154 procreaverit,
1662 1101 1885 1154 quornm
1902 1089 2065 1139 maior
2077 1097 2228 1150 natu,

341 1163 432 1215 ubi
461 1178 554 1229 per
578 1169 794 1215 aetatem
824 1163 995 1225 licuit,
1035 1165 1224 1215 Tamar
1249 1166 1300 1216 in
1332 1179 1536 1217 uxorem
1567 1164 1736 1224 duxit,
1779 1178 1840 1215 eo
1869 1178 1986 1217 vero
2015 1172 2228 1217 mortno

342 1240 604 1293 secundus
624 1254 737 1292 eam
759 1240 811 1291 in
831 1241 1215 1291 matrimonium
1245 1243 1461 1309 recepit,
1504 1242 1594 1306 qui
1623 1242 1775 1293 etiam
1805 1241 1960 1303 obiit,
1998 1248 2049 1292 et
2077 1242 2226 1307 quod

342 1317 543 1371 dudum
562 1325 841 1385 postquam
858 1316 983 1368 haec
1002 1325 1110 1369 acta
1130 1325 1270 1381 sunt,
1306 1320 1420 1385 ipse
1436 1317 1592 1369 Iudas
1613 1332 1730 1369 cum
1751 1318 1863 1383 ipsa
1883 1322 2024 1370 nuru‘
2032 1319 2229 1371 Tamar

342 1396 556 1461 ignarus
574 1408 681 1446 rem
702 1392 957 1456 hahuerit,
980 1408 1042 1447 ex
1058 1408 1161 1461 qua
1181 1396 1364 1447 iterum
1387 1396 1538 1457 duos,
1563 1409 1667 1447 uno
1689 1402 1856 1445 tamen
1879 1402 2046 1461 partu,
2080 1393 2228 1448 lihe-

342 1486 428 1525 ros
446 1472 699 1538 acceperit
712 1510 727 1529 .
768 1485 990 1537 quorum
1010 1471 1163 1522 etiam
1185 1486 1322 1523 unus
1341 1474 1474 1524 intra
1493 1470 1808 1537 praedictum
1830 1478 2034 1538 tempus
2053 1470 2228 1523 sactus

342 1555 421 1599 est
448 1562 655 1615 parens.
731 1548 815 1600 11.
853 1547 1027 1610 Quum
1059 1548 1215 1612 igitur
1241 1548 1368 1601 haec
1391 1550 1562 1600 omnia
1591 1562 1694 1599 non
1721 1548 1925 1613 possint
1950 1546 2130 1600 referri
2159 1549 2230 1601 ad

342 1624 474 1675 illud
501 1632 737 1690 tempus,
776 1623 841 1673 de
870 1624 1055 1689 quoin
1088 1624 1308 1687 Genesi,
1349 1624 1672 1677 referendum
1709 1626 2002 1677 necessario
2037 1631 2122 1676 est
2158 1625 2230 1677 ad

340 1700 500 1763 aliud,
534 1700 599 1752 de
619 1714 723 1767 quo
742 1699 1037 1752 immediate
1055 1700 1108 1752 in
1130 1700 1230 1752 alio
1249 1700 1382 1754 libro
1401 1702 1671 1769 agebatur3
1711 1714 1770 1752 ac
1787 1696 2004 1768 proinde
2021 1702 2227 1754 Hezras

340 1778 473 1829 hanc
492 1778 645 1828 etiam
666 1777 929 1829 historiam
950 1777 1251 1844 simpliciter
1269 1777 1573 1847 descripsit,
1613 1793 1830 1845 eamque
1851 1779 2081 1830 nondum
2103 1794 2229 1831 exa-

340 1857 584 1906 minatam
616 1854 829 1920 reliquis
868 1855 1105 1906 inseruit.
1183 1855 1267 1909 12.
1305 1855 1376 1908 At
1413 1870 1514 1908 non
1553 1863 1753 1908 tantum
1783 1857 1880 1908 hoc
1909 1862 2088 1922 caput,
2129 1856 2230 1908 sed

341 1937 499 1982 totam
519 1931 722 1999 losephi
752 1937 803 1983 et
828 1929 999 1989 Iacchi
1029 1931 1295 1985 historiam
1325 1947 1385 1985 ex
1414 1932 1628 1986 diversis
1646 1932 1906 1985 historicis
1925 1931 2228 2000 decerptam

442 2135 481 2182 ⁸)
520 2133 654 2190 Quod
686 2136 763 2182 hic
791 2141 939 2180 textus
968 2133 1149 2180 nullum
1179 2134 1306 2180 aliud
1336 2141 1519 2192 tempus
1547 2134 1792 2193 respiciat,
1829 2147 1970 2193 quam
1990 2131 2107 2182 illud
2127 2148 2226 2194 quo

342 2191 572 2249 Iosephus
591 2197 804 2241 venditus
825 2194 981 2248 fuerit,
994 2207 1087 2238 uon
1107 2200 1287 2240 tantum
1307 2207 1362 2240 ex
1380 2195 1527 2252 ipsius
1547 2194 1772 2240 orationis
1791 2201 2008 2241 contextu
2019 2201 2223 2254 constat,

341 2252 425 2297 sed
448 2253 586 2298 etiam
608 2267 661 2299 ex
681 2256 782 2312 ipsa
801 2255 949 2312 ipsius
968 2253 1114 2299 Iudae
1132 2260 1286 2300 aetate
1305 2254 1563 2311 colligitur,
1585 2253 1664 2312 qui
1685 2260 1784 2299 tum
1805 2253 2026 2311 temporIs
2047 2255 2224 2311 vigesi-

342 2324 471 2359 mum
493 2315 752 2360 secuudum
772 2314 937 2360 aetatis
957 2326 1130 2359 annum
1153 2315 1212 2359 ad
1231 2326 1469 2360 summum
1489 2314 1683 2370 agebat,
1714 2314 1754 2358 si
1776 2326 1830 2359 ex
1853 2314 1999 2368 ipsius
2020 2323 2222 2370 praece-

342 2372 468 2418 denti
490 2373 680 2419 historia
701 2372 935 2420 calculum
956 2373 1113 2419 iacere
1131 2373 1257 2419 licet.
1312 2375 1430 2420 Nam
1451 2385 1506 2418 ex
1525 2383 1626 2429 cap.
1646 2375 1712 2416 29.
1735 2386 1776 2417 v.
1796 2372 1961 2418 ultimo
1980 2371 2224 2420 Geneseos

342 2439 553 2489 apparet,
582 2435 709 2491 quod
730 2433 845 2479 Iuda
866 2439 1003 2478 uatus
1024 2433 1167 2478 ruerit
1185 2445 1308 2478 anno
1328 2434 1528 2488 decimo,
1565 2445 1593 2478 a
1613 2444 1706 2489 quo
1726 2431 1933 2478 Iacchus
1953 2433 2223 2490 patriarcha

341 2493 515 2537 servire
553 2493 708 2549 coepit
742 2494 819 2545 (1).
841 2491 1041 2548 incepit)
1076 2491 1296 2549 Laban03
1351 2491 1579 2548 Iosephus
1617 2498 1774 2538 autem
1813 2493 1995 2538 decimo
2033 2499 2221 2549 quarto.

341 2549 457 2595 Cum
485 2551 625 2606 igitur
642 2553 744 2609 ipse
763 2551 991 2609 Iosephus
1006 2585 1020 2606 ,
1058 2563 1165 2597 cum
1187 2552 1486 2607 venderetur,
1525 2552 1692 2597 aetatis
1712 2553 1948 2598 decimum
1965 2552 2223 2608 septimum

341 2609 514 2666 agebat
548 2611 623 2663 (D.
643 2610 810 2667 egerit)
848 2623 1062 2682 annum&
1088 2623 1199 2666 ergo
1229 2611 1369 2680 Iudas
1397 2616 1496 2655 tum
1535 2613 1756 2668 temporis
1793 2623 1939 2682 annos
1977 2611 2135 2667 viginti
2175 2617 2225 2657 et

340 2669 2220 2787 :¹3:¹3xxm:wittigis&'aziz12:20022‘5230‘3321‘3‘523220

341 2786 461 2832 Gall.
481 2789 519 2831 ε’
537 2785 849 2845 imaginent),
886 2789 979 2836 sihi
998 2788 1200 2835 blandiri
1227 2788 1419 2835 student
1445 2788 1584 2844 (Gall.
1604 2791 1644 2837 a’
1662 2790 1865 2836 ahusent
1881 2789 2220 2847 lom-dement),

342 2847 403 2891 de
430 2846 691 2905 scripturae
720 2849 955 2894 divinitate
982 2847 1196 2894 sollicitis
1223 2849 1398 2906 magis,
1435 2861 1578 2908 quam
1605 2850 1745 2896 certis
1773 2850 1848 2904 (1).
1869 2856 1917 2892 et
1935 2851 1990 2894 de
2008 2862 2100 2893 scr.
2121 2849 2219 2893 div.

341 2904 498 2961 magis
525 2905 722 2950 solliciti
750 2919 895 2964 quam
925 2906 1044 2950 certi
1069 2910 1226 2961 aunt).
1281 2905 1368 2964 Sp.
1406 2931 1456 2941 —-
1492 2910 1637 2956 Μαι-ι’.
1659 2909 1795 2955 add.z
1833 2909 1972 2966 „lm
2011 2909 2100 2954 Hic
2129 2909 2219 2966 ipsi

344 2965 609 3022 (Spinozae)
629 2966 865 3014 defecerat
883 2973 1222 3027 atramentum3
1262 2967 1378 3015 alias
1401 2968 1522 3015 forte
1541 2969 1861 3015 continuasset
1879 2970 2094 3015 eamdem
2113 2981 2221 3014 ma-

342 3027 507 3073 teriam
525 3024 796 3083 plurihua.“
1593 3095 1596 3101 Ι

499 3443 607 3475 ἱ,
1305 3431 1896 3475 -ᾈ-ᾈᾷ-ῌ,
