2350 3475
891 106 1023 154 car.
1085 106 1124 153 1.
1878 100 1957 162 17

53 286 116 337 ad
150 284 496 337 formandum
522 283 777 350 quasdam
809 285 1046 336 notiones
1073 297 1246 334 rerum
1288 289 1522 335 naturam
1560 282 1872 349 explicantes
1908 294 1959 336 et

56 366 188 415 vitae
207 377 372 414 usum
393 362 668 423 docentem
713 363 893 413 merito
914 362 1106 412 mentis
1127 367 1383 423 naturam,
1426 368 1683 427 quatenus
1700 360 1817 411 talis
1836 374 1957 413 con-
2008 402 2015 407 .

57 442 278 505 cipitur,
323 441 544 506 primam
574 438 776 490 divinae
801 438 1126 490 revelationis
1153 452 1362 489 causam
1392 446 1616 490 statuere
1648 451 1952 503 possumus.

59 517 134 565 Ea
153 518 298 569 enim
316 518 494 567 omnia
512 555 524 576 ,
563 530 697 582 ,quae
717 516 848 567 clare
866 524 918 566 et
938 515 1178 567 distincte
1200 515 1537 582 intelligimus
1550 555 1563 577 ,
1610 517 1703 566 Dei
1732 514 1848 566 idea
1870 513 1959 581 (ut

61 593 217 643 modo
248 594 630 661 indicavimus)
663 602 713 645 et
745 600 927 643 natura
953 591 1108 644 nobis
1146 591 1333 653 dictat,
1374 608 1479 642 non
1516 592 1727 658 quidem
1766 590 1954 654 verbis,

17 708 30 723 .
64 669 156 721 sed
186 669 348 721 modo
381 670 533 738 longe
562 671 914 722 excellentiore
935 709 947 731 ,
989 676 1040 721 et
1071 671 1161 734 qui
1190 684 1309 719 cum
1341 676 1519 721 natura
1551 672 1739 721 mentis
1766 670 1959 736 optime

16 762 19 769 ’
67 749 331 812 convenit,
370 755 429 799 ut
454 749 849 814 unusquisque,
889 748 982 813 qui
1011 747 1371 798 certitudinem
1400 746 1694 798 intellectus
1715 747 1956 811 gustavit,

70 824 204 890 apud
233 840 296 875 se
323 825 443 875 sine
471 822 630 875 dubio
661 832 898 891 expertus
927 831 1024 875 est.
1100 824 1152 875 6.
1192 824 1382 875 Verum
1413 826 1659 889 quoniam
1681 838 1857 875 meum
1874 824 1963 874 in-

15 918 22 931 ·
69 903 310 952 stitutum
331 902 606 968 praecipue
626 911 705 953 est
720 941 734 963 ,
776 902 840 952 de
861 903 924 951 iis
946 908 1147 953 tantum
1173 901 1345 967 loqui,
1386 917 1518 967 quae
1539 900 1703 953 solam
1724 902 1962 967 Scriptu-

70 992 174 1028 ram
193 986 454 1045 spectant,
471 978 662 1029 sufficit
681 976 960 1029 delumine
982 978 1199 1030 naturali
1220 978 1344 1030 haec
1363 993 1527 1046 pauca
1544 978 1751 1030 dixisse.
1786 979 1959 1043 Quare

73 1054 133 1104 ad
150 1054 281 1107 alias
301 1070 488 1107 causas
509 1063 561 1108 et
581 1056 775 1118 media,
807 1055 1002 1121 quibus
1021 1056 1164 1107 Deus
1186 1070 1245 1107 ea
1264 1056 1563 1107 hominibus
1585 1055 1796 1116 revelat,
1827 1068 1961 1120 quae

71 1132 262 1183 limites
283 1132 533 1183 naturalis
556 1133 864 1197 cognitionis
885 1133 1153 1198 excedunt,
1190 1142 1238 1183 et
1256 1136 1409 1184 etiam
1431 1148 1564 1199 quae
1585 1147 1690 1184 non
1712 1131 1963 1183 excedunt

73 1208 225 1274 (nihil
249 1210 390 1260 enim
420 1210 668 1275 impedit,
707 1224 812 1275 quo
843 1210 1020 1259 minus
1039 1211 1183 1260 Deus
1213 1224 1269 1261 ea
1299 1212 1439 1276 ipsa,
1485 1225 1616 1275 qnae
1644 1224 1739 1260 nos
1768 1208 1963 1259 lumine

15 1316 26 1332 .
73 1293 284 1337 naturae
313 1289 703 1353 cognoscimuS,
747 1287 860 1337 aliis
879 1286 1048 1338 modis
1069 1287 1367 1338 hominibus
1388 1286 1764 1353 communicet)
1784 1299 1960 1351 pergo,

71 1370 125 1413 ut
144 1362 210 1413 de
226 1362 294 1413 iis
317 1361 564 1429 prolixius
585 1377 752 1430 agam.
1287 1354 1292 1357 ’

170 1438 222 1491 7.
264 1440 460 1490 Verum
491 1442 627 1492 enim
656 1454 774 1491 vero
803 1440 1050 1507 quicquid
1082 1440 1146 1491 de
1180 1441 1242 1491 iis
1277 1440 1377 1491 dici
1406 1446 1578 1506 potest
1614 1454 1671 1490 ex
1700 1439 1961 1505 Scriptura

15 1504 20 1523 ¹
74 1516 180 1567 sola
205 1518 314 1583 peti
345 1517 517 1568 debet.
589 1520 719 1570 Nam
748 1518 873 1584 quid
897 1518 960 1569 de
987 1518 1144 1569 rebus
1167 1519 1355 1569 limites
1378 1518 1538 1568 nostri
1560 1517 1847 1569 intellectus
1866 1530 1961 1567 ex-

76 1592 381 1645 cedentibus
413 1594 582 1645 dicere
613 1609 900 1660 possumus
931 1603 1131 1661 praeter
1157 1594 1209 1645 id
1228 1634 1241 1656 ,
1282 1594 1422 1661 quod
1454 1610 1511 1645 ex
1541 1595 1671 1660 ipsis
1702 1594 1963 1661 prophetis

75 1684 158 1721 ore
179 1671 256 1722 vel
278 1672 474 1738 scripto
497 1670 647 1722 nobis
668 1668 920 1724 traditur?
987 1672 1052 1722 Et
1071 1674 1195 1739 quia
1214 1671 1367 1724 hodie
1390 1672 1577 1737 nullos,
1619 1672 1759 1738 quod
1780 1672 1960 1732 sciam,

77 1747 331 1800 habemus
363 1749 670 1815 prophetas,
710 1751 834 1801 nihil
864 1750 1015 1802 nobis
1038 1752 1379 1816 relinquitur,
1420 1751 1521 1800 nisi
1544 1763 1689 1800 sacra
1707 1750 1965 1801 volumina

78 1825 226 1876 nobis
257 1841 284 1876 a
318 1826 581 1892 prophetis
612 1828 783 1878 relicta
815 1827 1071 1878 evolvere:
1114 1827 1209 1878 hac
1227 1828 1437 1892 quidem
1460 1829 1724 1890 cautione,
1764 1835 1822 1879 ut
1840 1827 1967 1878 nihil

16 1967 19 1976 .
80 1901 140 1952 de
173 1903 438 1954 similibus
466 1903 624 1954 rebus
653 1911 946 1956 statuamus
975 1911 1066 1954 aut
1092 1905 1223 1971 ipsis
1252 1904 1517 1971 prophetis
1549 1904 1743 1968 aliquid
1765 1902 1968 1955 tribua-

79 1993 222 2041 mus,
247 1979 391 2045 qnod
413 1980 512 2046 ipsi
533 1995 635 2032 non
657 1982 788 2032 clare
811 1981 1146 2033 dictaverunt.
1221 1984 1274 2033 8.
1314 1981 1417 2030 Sed
1436 1981 1518 2030 hic
1538 1981 1769 2047 apprime
1788 1990 1967 2032 notan-

79 2055 228 2118 dum,
269 2058 414 2123 quod
443 2057 620 2108 ludaei
651 2073 922 2124 nunquam
951 2072 1227 2110 causarum
1248 2057 1535 2109 mediarum
1558 2059 1663 2108 sive
1684 2059 1963 2124 particula-

79 2135 212 2183 rium
242 2132 442 2184 faciunt
471 2135 784 2186 mentionem
806 2149 900 2186 nec
920 2147 1010 2187 eas
1029 2142 1239 2196 curant,
1282 2136 1373 2186 sed
1395 2135 1657 2200 religionis
1682 2149 1741 2187 ac
1760 2136 1966 2201 pietatis

16 2261 20 2276 ³
79 2211 181 2261 sive
209 2209 298 2278 (ut
328 2211 480 2275 vulgo
501 2211 602 2262 dici
621 2213 779 2280 solet)
811 2213 1093 2264 devotionis
1111 2225 1265 2262 causa
1289 2212 1352 2262 ad
1372 2215 1539 2263 Deum
1568 2227 1774 2278 semper
1793 2227 1971 2264 recur-

79 2294 212 2338 runt.
279 2289 495 2338 sienim
518 2303 597 2340 ex.
616 2304 695 2355 gr.
716 2293 990 2355 pecuniam
1012 2297 1295 2341 mercatura
1314 2286 1491 2340 lucrati
1512 2297 1653 2352 sunt,
1678 2304 1788 2340 eam
1812 2304 1839 2340 a
1858 2291 1969 2340 Deo

81 2363 176 2414 sibi
211 2363 439 2415 oblatam
476 2367 648 2427 aiunt3
707 2368 750 2418 si
789 2367 984 2432 aliquid
1021 2375 1080 2418 ut
1118 2366 1214 2428 sit,
1268 2369 1509 2432 cupiunt,
1554 2367 1760 2427 dicunt,
1799 2368 1967 2417 Deum

81 2455 253 2492 eorum
285 2455 374 2492 cor
403 2441 752 2508 disposuisse,
795 2450 846 2495 et
883 2445 928 2494 si
962 2443 1086 2509 quid
1129 2444 1281 2494 etiam
1318 2446 1568 2508 cogitant,
1607 2447 1774 2495 Deum
1802 2444 1855 2493 id
1894 2446 1969 2494 eis

84 2517 266 2570 dixisse
286 2519 450 2570 aiunt.
527 2520 700 2582 Quare
721 2534 824 2571 non
854 2535 1009 2572 omne
1029 2520 1080 2571 id
1095 2560 1109 2584 ,
1151 2520 1293 2586 quod
1312 2520 1575 2586 Scriptura
1597 2523 1665 2572 ait
1683 2523 1850 2572 Deum
1873 2521 1969 2573 ali-

15 2639 24 2677 4
82 2596 158 2645 cui
188 2595 385 2648 dixisse
403 2635 418 2658 ,
460 2611 553 2663 pro
585 2597 849 2664 prophetia
871 2606 919 2649 et
939 2599 1228 2665 cognitione
1247 2598 1623 2663 supranaturali
1648 2597 1963 2659 habendum,

83 2671 170 2724 sed
200 2679 407 2724 tantum
439 2674 520 2737 id,
564 2675 703 2740 qnod
743 2675 1008 2741 Scriptura
1039 2690 1279 2742 expresse
1307 2675 1453 2738 dicit,
1494 2675 1569 2726 vel
1600 2675 1740 2739 quod
1773 2691 1831 2726 ex
1868 2678 1971 2727 cir-

16 2753 18 2756 ’
83 2750 410 2803 cumstantiis
445 2753 752 2804 narrationis
787 2754 1052 2818 sequitur,
1103 2752 1425 2822 prophetiam
1464 2752 1569 2802 sive
1607 2753 1968 2805 revelationem

81 2827 262 2879 fuisse.

178 2905 230 2956 9.
271 2905 328 2956 Si
358 2904 518 2970 igitur
555 2918 699 2957 sacra
734 2907 995 2958 volumina
1034 2920 1427 2970 percurramus,
1468 2903 1787 2968 videbimus,
1828 2906 1968 2971 quod

85 2984 282 3043 omnia,
329 2997 466 3047 quae
501 2984 644 3034 Deus
681 2984 948 3051 prophetis
985 2984 1247 3045 revelavit,
1295 2984 1360 3033 iis
1396 2983 1611 3035 revelata
1650 2983 1857 3034 fuerunt
1894 2985 1971 3032 vet

85 3061 277 3120 verbis,
316 3058 394 3110 vel
408 3060 642 3125 figuris,
682 3061 760 3114 vel
786 3066 1012 3127 utroque
1040 3063 1138 3112 hoe
1155 3060 1310 3111 modo
1318 3097 1336 3126 ,
1377 3059 1547 3112 verbis
1566 3058 1682 3110 scil.
1702 3066 1753 3111 et
1770 3058 1969 3127 figuris.

147 3145 380 3214 Spi’noza
414 3146 508 3198 111.
797 3192 801 3194 .
1510 3146 1547 3202 2
