2350 3475
871 127 1007 174 cap.
1063 127 1146 172 rv.
1867 119 1947 184 65

63 306 124 358 ab
141 307 264 373 ipso
281 306 426 368 Deo,
447 305 778 371 quatenus-in
798 311 974 357 nostra
995 311 1166 356 mente
1186 303 1383 368 existit,
1416 301 1566 355 nobis
1584 303 1951 371 praescribun-

63 392 162 446 tur,
185 391 347 450 atque
365 383 496 434 adeo
516 383 642 434 ratio
663 382 881 444 vivendi,
905 397 1038 449 quae
1055 383 1195 434 huuc
1215 382 1368 434 finem
1387 389 1601 448 spectat,
1624 381 1718 434 lex
1739 381 1865 432 divi
1878 397 1951 433 na

4 459 7 482 ¹
65 462 256 526 optime
285 466 517 511 vocatur.
590 461 854 523 Quaenam
889 466 1060 510 autem
1092 460 1217 511 haec
1244 459 1413 510 media
1440 459 1574 520 sint,
1612 466 1663 510 et
1696 471 1951 524 quaenam

3 1461 13 1562 —-—

67 540 190 588 ratio
209 537 436 601 vivendi,
471 551 628 602 quam
652 538 734 589 hic
755 537 872 588 finis
892 537 1058 602 exigit,
1098 543 1150 587 et
1167 534 1427 603 quomodo
1446 536 1585 587 hunc
1602 535 1825 601 optimae
1845 535 1951 585 rei-

68 613 306 679 publicae
345 613 684 665 fundamenta
721 620 1005 679 sequantur
1043 621 1094 664 et
1129 615 1253 665 ratio
1289 606 1489 665 vivendi
1528 614 1661 663 inter
1694 611 1948 672 homines,

68 690 130 740 ad
157 691 504 742 universalem
535 691 751 744 ethicam
776 693 1015 757 pertinet.
1086 692 1189 741 Hie
1219 705 1322 742 non
1351 691 1471 741 nisi·
1489 689 1553 741 de
1583 689 1691 754 iege
1710 689 1877 740 divina
1896 688 1951 738 in

70 781 252 833 genere
269 780 481 834 pergam
503 782 667 833 agere.

171 847 256 896 14.
299 845 476 908 Quum
515 846 688 910 itaque
723 857 897 895 amor
931 845 1045 896 Dei
1084 859 1321 896 summa
1355 842 1632 895 hominis
1671 841 1955 894 felicitas

72 923 157 972 sit
191 927 254 972 et
290 918 634 972 beatitudo
672 928 732 972 et
773 921 936 972 finis
981 922 1251 973 ultimus
1296 927 1355 972 et
1396 935 1631 988 scopus
1676 922 1957 971 omnium

73 999 491 1048 humanarum
526 999 873 1057 actionum3
915 999 1151 1064 sequitur
1175 1013 1296 1050 eum
1317 1005 1517 1050 tautum
1537 999 1703 1064 legem
1734 997 1956 1048 divinam

73 1075 240 1140 sequi,
277 1074 368 1139 qui
392 1075 562 1126 Deum
581 1087 750 1126 amare
769 1082 931 1136 curat,
965 1089 1066 1126 non
1088 1090 1146 1126 ex
1165 1077 1347 1126 timore
1366 1074 1627 1142 supplicii,
1650 1087 1819 1140 neque
1837 1086 1957 1138 prae

74 1165 246 1202 amore
265 1150 479 1202 alterius
500 1151 598 1214 rei,
621 1159 679 1202 ut
699 1151 996 1203 deliciarum
1012 1191 1026 1213 ,
1049 1151 1215 1202 famae
1233 1161 1331 1204 etc.
1348 1191 1362 1212 ,
1386 1153 1478 1204 sed
1496 1167 1555 1202 ex
1574 1165 1635 1202 eo
1653 1151 1764 1202 solo
1778 1190 1791 1212 ,
1816 1147 1958 1214 quod

73 1229 242 1279 Deum
261 1229 424 1289 novit,
445 1229 554 1278 sive
572 1229 710 1292 quod
733 1231 889 1288 novit,
912 1229 1007 1278 Dei
1028 1229 1371 1293 cognitionem
1385 1237 1436 1279 et
1449 1243 1674 1280 amorem
1690 1241 1957 1278 summum

77 1319 194 1355 esse
213 1305 432 1355 bonum.
509 1305 592 1356 15.
629 1307 784 1371 Legis
811 1307 964 1371 igitur
994 1304 1193 1356 divinae
1223 1319 1427 1357 summa
1456 1307 1675 1369 eiusque
1692 1317 1959 1355 summum

77 1388 406 1449 praeceptum
437 1387 545 1444 est,
581 1384 774 1433 Deum
806 1389 875 1432 ut
903 1396 1038 1432 sum
1055 1397 1215 1432 mum
1243 1381 1473 1433 bouum
1503 1394 1709 1432 amare
1726 1419 1739 1442 ,
1771 1392 1959 1443 nempe

77 1459 257 1508 utiam
279 1457 503 1508 diximus
517 1496 532 1520 ,
555 1471 656 1509 non
676 1473 736 1509 ex
755 1465 894 1509 metu
915 1458 1131 1509 aiicuius
1152 1457 1390 1524 supplicii
1412 1465 1461 1508 et
1480 1453 1703 1524 poenae,
1724 1471 1818 1508 nec
1838 1467 1960 1522 prae

79 1548 252 1584 amore
287 1532 500 1585 alterius
538 1535 640 1596 rei,
683 1549 783 1600 qua
825 1535 1063 1586 delectari
1101 1537 1369 1600 cupimus;
1409 1535 1504 1586 hoc
1540 1536 1678 1586 enim
1713 1533 1827 1584 idea
1864 1532 1961 1582 Dei

79 1612 250 1672 dictat,
274 1611 444 1662 Deum
464 1625 727 1663 summum
747 1626 864 1664 osse
881 1620 1118 1664 nostrum
1139 1611 1355 1674 bonum,
1378 1613 1485 1664 sive
1504 1613 1599 1663 Dei
1618 1611 1960 1676 cognitionem

81 1697 126 1739 et
154 1703 384 1740 amorem
409 1687 564 1740 finem
596 1702 712 1740 esse
730 1688 998 1756 ultimum,
1039 1689 1104 1742 ad
1125 1704 1279 1757 quem
1310 1703 1493 1741 omnes
1512 1690 1737 1741 actiones
1756 1695 1962 1739 nostrae

79 1774 202 1816 sunt
227 1766 546 1831 dirigendae.
621 1766 706 1817 16.
745 1768 916 1817 Homo
947 1774 1116 1818 tamen
1145 1766 1365 1819 carnalis
1394 1766 1518 1818 haec
1547 1766 1831 1831 intelligere
1869 1778 1965 1815 ne-

79 1844 222 1908 quit,
262 1848 315 1893 et
340 1844 441 1910 ipsi
470 1856 596 1893 vana
619 1842 886 1903 videntur,
927 1846 1050 1910 quia
1073 1837 1231 1895 nimis
1250 1846 1473 1895 ieiunam
1493 1844 1589 1894 Dei
1608 1842 1761 1893 habet
1778 1841 1962 1907 cogni-

81 1922 274 1971 tionem
289 1959 304 1981 ,
343 1926 396 1971 et
411 1921 565 1971 etiam
585 1920 703 1983 quia
722 1921 774 1970 in
797 1919 894 1971 hoc
913 1935 1121 1972 summo
1138 1920 1277 1973 bono
1300 1919 1428 1970 nihil
1448 1921 1665 1987 reperit,
1688 1918 1828 1985 quod
1851 1918 1967 1984 pal-

79 2004 169 2063 pet
183 2034 198 2056 ,
231 1996 494 2059 comedat,
528 2003 616 2047 aut
636 1997 858 2062 denique
878 1998 1020 2063 quod
1040 2012 1243 2048 carnem
1258 2037 1273 2059 ,
1306 2012 1407 2062 qua
1428 1998 1645 2048 maxime
1664 1996 1962 2054 deiectum,

81 2074 286 2135 afficiat,
327 2081 525 2141 utpote,
566 2075 706 2139 quod
725 2076 778 2125 in
799 2074 909 2125 sola
925 2070 1281 2141 speculatione
1302 2082 1352 2125 et
1373 2088 1498 2139 pura
1520 2080 1691 2125 mente
1710 2072 1964 2123 consistit.

80 2152 224 2212 Atii,
269 2152 360 2215 qui
388 2159 577 2203 norunt
595 2166 653 2202 se
673 2150 801 2201 nihii
821 2148 1083 2203 intellectu
1103 2158 1154 2202 et
1172 2165 1297 2203 sana
1320 2157 1490 2201 mente
1508 2149 1851 2215 praestantius
1873 2146 1969 2197 ha·-

82 2226 220 2290 bore,
265 2226 390 2279 haec
409 2229 522 2279 sine
543 2226 722 2288 dubio,
754 2227 1073 2280 solidissima
1092 2227 1415 2279 iudicabunt.
1489 2226 1574 2279 1⁷.
1611 2226 1966 2291 Explicuimus

82 2306 290 2369 itaque,
332 2305 386 2355 in
417 2319 520 2369 quo
549 2304 989 2371 potissimnmsslex
1016 2305 1187 2357 divina
1216 2304 1477 2366 consistit,
1518 2310 1569 2355 et
1587 2316 1842 2369 quaenam
1864 2301 1968 2350 sint

81 2380 224 2445 leges
243 2379 522 2443 humanae,
543 2394 728 2447 nempe
748 2394 929 2431 omnes
949 2380 1065 2431 inae
1079 2420 1094 2443 ‚
1116 2395 1249 2446 quae
1268 2379 1429 2432 alium
1448 2394 1665 2445 scopum
1685 2376 1962 2435 collimant,

4 2516 6 2529 ἶ
82 2460 184 2509 nisi
203 2458 595 2511 ex-revelatione
613 2459 839 2509 sancitae
859 2456 1070 2508 fuerint.
1123 2458 1254 2509 Nam
1275 2456 1371 2508 hae
1388 2459 1541 2508 etiam
1562 2453 1969 2508 consideratione

4 2538 6 2541 ’
83 2550 166 2586 res
185 2536 252 2586 ad
271 2537 440 2586 Deum
471 2534 766 2587 referuntur
793 2534 1058 2601 (utsupra
1077 2533 1459 2601 ostendimus),
1502 2541 1553 2584 et
1580 2532 1678 2582 hoc
1704 2544 1864 2581 sensu
1892 2529 1969 2579 lex

84 2613 251 2663 Mosis
267 2651 280 2673 ,
311 2612 550 2677 quamvis
573 2611 1027 2672 nonuniversaIiS,
1059 2611 1151 2663 sed
1172 2612 1391 2662 maxime
1410 2610 1475 2659 ad
1494 2609 1758 2675 ingenium
1779 2614 1831 2658 et
1850 2607 1969 2657 sin-

85 2689 315 2753 gularem
336 2690 772 2741 conservationem
793 2687 954 2739 unius
974 2686 1150 2754 populi
1173 2686 1555 2739 accommodata
1584 2686 1765 2747 fuerit,
1802 2684 1970 2735 vocari

4 2824 6 2843 ξ
87 2774 258 2817 tamen
297 2772 470 2832 potest
504 2764 586 2816 lex
618 2766 715 2816 Dei
752 2765 858 2816 sive
893 2765 973 2815 lex
1000 2765 1199 2823 divina:
1240 2761 1661 2831 quandoquidem
1689 2761 1970 2822 credimus,

88 2856 196 2893 eam
230 2842 432 2893 lumine
459 2841 755 2909 prophetico
783 2842 1032 2892 sancitam
1061 2840 1246 2893 fuisse.
1322 2842 1405 2894 18.
1445 2840 1501 2891 Si
1529 2840 1632 2891 iam
1651 2840 1717 2891 ad
1735 2844 1970 2892 naturam

87 2919 218 2985 legis
250 2918 450 2972 divinae
485 2919 759 2978 naturalis,
796 2925 858 2969 ut
887 2932 998 2970 eam
1033 2918 1188 2969 modo
1214 2917 1553 2984 explicuimus
1564 2956 1581 2982 ,
1623 2916 1967 2977 attendamus,

4 3050 6 3063 Ε
89 2996 384 3047 videbimus
438 2997 480 3047 l.
527 3010 642 3047 eam
686 3008 804 3046 esse
842 2994 1187 3046 universalem
1236 2996 1341 3045 sive
1384 2993 1628 3046 omnibus
1674 2990 1971 3044 hominibus

4 3114 6 3159 ᾖ
91 3086 452 3137 communem3
487 3073 770 3125 cumcuim
801 3086 860 3123 ex
884 3070 1164 3124 universali
1193 3071 1416 3123 humana
1444 3079 1625 3123 natura
1644 3070 1969 3123 deduximus·

159 3158 390 3227 Spinoza
427 3159 520 3208 ΙΙΙ.
1518 3158 1549 3205 5
