2350 3475
877 145 1016 190 car.
1067 145 1181 192 vn.
1846 147 1871 204 1
1890 147 1918 203 1
1931 148 1959 204 1

67 327 204 377 inter
221 323 513 390 scriptores
527 320 817 374 Bibliorum
835 335 1066 388 unquam
1087 320 1187 374 fult
1204 323 1565 375 controversia.
1640 325 1729 377 35.
1748 325 1967 392 Reliqua

67 412 280 467 autem,
323 402 534 467 quaein
551 400 771 467 Scriptis
785 405 1088 460 occurrunt,
1125 413 1365 465 quaeque
1394 401 1557 452 solius
1583 408 1711 452 sunt
1726 402 1969 467 specula-

10 481 12 486 '
67 481 258 544 tionis,
301 492 411 529 non
443 483 548 528 tam
577 475 724 527 facile
753 475 980 542 indagari
1011 483 1259 541 possunt;
1302 479 1381 530 via
1407 479 1545 530 enim
1570 478 1637 529 ad
1648 479 1783 530 haec
1802 493 1969 544 angu-

69 558 200 608 stior
235 561 346 606 est.
421 555 552 606 Nam
585 552 1028 619 quandoquidem·
1047 554 1098 604 in
1135 551 1291 604 rebus
1318 555 1645 620 speculativis
1682 555 1965 622 (utiam1)

8 645 10 662 1
69 623 436 684 ostendimus)
465 622 742 688 prophetae
773 623 905 673 inter
921 636 979 672 se
999 621 1374 674 dissentiebant
1394 630 1443 673 et
1462 638 1631 676 rerum
1654 626 1969 676 narrationes

71 702 300 756 maxime
325 699 741 752 accommodatae
770 706 898 751 sunt
917 701 1333 765 uniuscuiusque
1352 701 1459 752 aevi
1478 702 1827 765 praeiudiciis,
1869 703 1970 750 mi·-

8 785 11 790 ’
71 782 214 832 nime
225 777 396 830 nohis
413 777 535 828 licet
553 783 779 828 mentem
800 777 961 828 unius
980 778 1259 842 prophetae
1283 790 1342 826 ex
1360 776 1487 828 locis
1508 777 1811 830 clarioribus
1840 777 1969 830 alte-

74 858 188 908 rius
205 852 550 916 concludere,
591 868 759 918 neque
781 853 1050 920 explicare,
1091 853 1191 904 nisi
1210 853 1599 908 evidentissime
1618 862 1837 916 constet,
1876 870 1967 908 eos

72 949 236 986 unam
253 930 582 996 eandemque
613 930 802 982 fovisse
821 931 1150 982 sententiam.
1224 930 1310 982 36.
1352 931 1628 995 Quomodo
1648 933 1801 998 igitur
1821 946 1969 986 mens

71 1009 449 1077 prophetarum
470 1008 522 1058 in
542 1005 806 1058 similibus
825 1007 896 1058 sit
915 1022 974 1059 ex
991 1007 1203 1059 historia
1224 1009 1517 1075 Scripturae
1537 1009 1789 1071 eruenda,
1832 1024 1970 1075 pau-

71 1089 150 1138 cis
169 1089 278 1138 iarn
296 1098 568 1152 exponam.
617 1085 814 1150 Nempe
835 1087 968 1136 circa
987 1084 1111 1146 haec
1131 1085 1283 1136 etiam
1302 1099 1331 1136 a
1350 1087 1567 1137 maxime
1586 1085 1969 1140 universalibus

73 1163 459 1230 incipiendum,
497 1161 808 1226 inquirendo
825 1162 1022 1214 scilicet
1039 1169 1156 1214 ante
1178 1162 1348 1212 omnia
1370 1176 1428 1212 ex
1448 1163 1722 1214 sententiis
1742 1164 1971 1229 Scriptu-

73 1255 161 1292 rae
187 1241 415 1294 maxime
443 1239 620 1299 claris,
659 1237 786 1303 quid
805 1239 876 1290 sit
901 1239 1167 1304 prophetia
1194 1239 1303 1290 sive
1331 1239 1595 1301 revelatio,
1636 1246 1687 1290 et
1710 1253 1815 1304 qua
1840 1241 1896 1290 iu
1914 1254 1971 1292 re

74 1316 416 1384 potissimum
437 1317 716 1377 consistat3
758 1315 942 1368 deinde
961 1316 1086 1380 quid
1106 1315 1174 1366 sit
1194 1313 1527 1380 miraculum,
1552 1315 1695 1366 etsie
1713 1331 1867 1382 porro
1884 1331 1969 1368 res

74 1394 304 1447 maxime
329 1407 666 1454 communem
707 1392 892 1445 dehinc
917 1393 983 1443 ad
1013 1393 1287 1457 opiniones
1306 1391 1719 1458 uniuscuiusque
1739 1392 1969 1458 prophe-

2 1511 4 1534 ,
74 1479 160 1524 tae
197 1468 652 1530 descendendum
693 1475 744 1521 et
779 1484 838 1521 ex
864 1469 944 1520 his
976 1469 1183 1520 tandem
1210 1466 1275 1519 ad
1306 1482 1523 1520 sensum
1552 1467 1970 1535 uniuscuiusque

77 1547 408 1600 revelationis
434 1546 542 1598 sive
578 1544 900 1612 prophetiae,
941 1545 1182 1598 historiae
1216 1551 1269 1596 et
1297 1544 1533 1596 miraculi
1558 1543 1967 1611 procedendum.

79 1625 166 1676 37.
205 1624 325 1688 Qua
355 1630 530 1674 autem
563 1622 799 1674 cautione
819 1621 1072 1674 utendum
1091 1623 1192 1685 sit,
1234 1637 1301 1674 ne
1320 1623 1375 1674 in
1394 1622 1475 1674 his
1494 1629 1719 1674 mentem
1739 1623 1969 1688 prophe·-

80 1707 250 1754 tarum
289 1707 344 1752 et
379 1699 738 1751 historicorum
778 1714 896 1753 cum
935 1706 1105 1753 mente
1141 1700 1357 1765 spiritus
1386 1700 1551 1753 sancti
1584 1706 1636 1751 et
1662 1699 1733 1753 rei
1763 1700 1969 1753 veritate

77 1778 493 1840 confundamus,
535 1791 693 1844 supra
710 1778 822 1829 suis
841 1778 894 1827 in
921 1777 1053 1829 locis
1071 1778 1251 1829 multis
1270 1778 1517 1844 exemplis
1536 1777 1865 1829 ostendimus
1876 1778 1965 1848 ²);

77 1870 238 1921 quare
269 1855 336 1907 de
365 1854 447 1905 his
467 1868 572 1905 non
591 1868 804 1907 necesse
825 1854 988 1905 habeo
1007 1855 1255 1921 prolixius
1274 1869 1441 1920 agere.
1514 1856 1627 1906 Hoc
1648 1862 1816 1906 tamen
1836 1856 1970 1908 circa

0 1972 1 1975 η
75 1947 298 1985 sensum
317 1930 686 1984 revelationum
703 1930 986 1983 notandum
1001 1970 1015 1994 ‚
1057 1931 1198 1997 quod
1225 1930 1349 1982 haec
1366 1930 1645 1983 methodus
1663 1938 1863 1985 tantum
1882 1934 1969 1985 iu-

0 2010 1 2013 ’
77 2011 329 2075 vestigare
359 2009 508 2061 docet
533 2007 612 2071 id,
653 2008 795 2074 quod
823 2022 994 2059 revera
1021 2007 1299 2074 prophetae
1319 2008 1535 2060 viderint
1553 2014 1643 2059 aut
1659 2007 1963 2072 audiverint,

75 2102 180 2139 non
207 2094 386 2137 autem
417 2084 543 2150 quid
573 2086 678 2137 illis
708 2084 1100 2151 hieroglyphicis
1137 2084 1426 2149 significare
1460 2092 1555 2137 aut
1587 2094 1968 2150 repraesentare

77 2163 330 2217 voluerint
347 2178 362 2223 ;
404 2162 500 2213 hoc
520 2163 656 2213 enim
677 2162 914 2214 hariolari
933 2176 1241 2229 possumus,
1280 2176 1387 2213 non
1404 2169 1577 2213 autem
1596 2174 1657 2213 ex
1674 2163 1967 2229 scripturae

79 2240 436 2293 fundamentis
471 2246 606 2290 certo
645 2238 916 2292 deducere.
1008 2238 1093 2291 38.
1133 2238 1473 2290 Ostendimus
1508 2239 1680 2304 itaque
1716 2242 1967 2291 rationem

0 2350 12 2392 κ’.
77 2315 452 2384 interpretandi
482 2317 825 2382 scripturam,
865 2322 917 2367 et
941 2315 1100 2367 simul
1119 2315 1590 2368 demonstravimus
1608 2315 1743 2367 hauc
1762 2318 1968 2368 unicam

78 2404 128 2447 et
161 2396 434 2447 certiorem
471 2407 593 2445 esse
623 2395 758 2445 viam
795 2393 859 2444 ad
898 2392 1012 2445 eius
1047 2407 1227 2444 verum
1270 2406 1485 2445 sensum
1528 2393 1963 2459 investigandum.

77 2474 262 2525 Fateor
281 2471 517 2537 quidem,
556 2485 647 2523 eos
666 2470 730 2522 de
749 2469 930 2521 eodem
952 2471 1195 2523 certiores
1215 2484 1349 2533 esse,
1388 2470 1543 2535 siqui
1561 2476 1701 2533 sunt,
1742 2471 1833 2534 qui
1856 2482 1969 2521 cer-

77 2558 180 2603 tam
211 2549 332 2599 eins
361 2548 686 2599 traditionem
715 2548 822 2599 sive
851 2561 1018 2600 veram
1053 2547 1441 2613 explicationem
1468 2545 1533 2599 ah
1552 2546 1682 2612 ipsis
1706 2545 1966 2612 prophetis

78 2632 346 2692 acceptam
381 2624 601 2687 hahent,
641 2632 701 2677 ut
726 2624 985 2676 Pharisaei
1020 2629 1317 2687 autumant,
1358 2624 1437 2676 vel
1472 2625 1518 2677 si
1554 2623 1644 2689 qui
1672 2622 1968 2689 pontificem

79 2704 302 2765 hahent,
344 2703 434 2766 qui
464 2702 596 2753 circa
624 2702 1095 2768 interpretationem
1124 2701 1419 2766 scripturae
1447 2714 1613 2751 errare
1647 2713 1750 2752 non
1776 2706 1966 2764 potest,

79 2780 222 2847 qnod
241 2778 490 2831 Catholici
507 2779 728 2831 Romani
754 2779 962 2831 iactant.
1035 2778 1122 2829 39.
1159 2776 1404 2832 Attamen
1430 2776 1853 2844 quandoquidem
1873 2792 1969 2830 nec

79 2858 140 2911 de
159 2858 258 2912 hac
279 2855 574 2921 traditione,
589 2869 684 2913 nec
703 2856 768 2909 de
787 2853 1046 2925 pontilicis
1065 2854 1365 2907 auctoritate
1381 2868 1665 2921 possumus
1687 2868 1807 2909 esse
1822 2856 1966 2918 certi,

181 3044 226 3094 ι)
264 3041 366 3085 vid.
389 3052 492 3096 cap.
512 3042 553 3083 2.
575 3043 617 3095 ς.
637 3043 706 3091 48.
727 3052 828 3105 sqq.

178 3105 224 3155 2)
262 3102 368 3145 vid.
391 3112 494 3163 cap.
515 3104 556 3143 2.
