2350 3475
374 138 500 202 206
767 143 1156 190 TRACTATUS
1190 137 1859 189 Tasonoulco-Pomr.

375 335 718 390 unaquaeque
738 335 896 374 suum
915 335 1133 387 regnum
1153 321 1267 376 sine
1286 318 1391 372 ulla
1408 319 1619 372 alterius
1636 319 1975 388 repugnantia
2006 319 2296 388 obtineat,

375 407 425 452 et
443 401 584 466 quod
603 401 828 466 denique
842 438 856 462 ,
878 398 968 450 ubi
989 399 1108 450 data
1127 396 1229 449 fuit
1244 399 1469 460 occasio,
1492 399 1647 450 etiam
1668 398 1983 450 ostenderim
2004 397 2295 462 absurda,
2315 447 2316 458 ,

373 478 702 529 incommoda
723 483 774 529 et
793 477 1003 540 damna,
1047 487 1181 541 quae
1200 482 1373 526 secuta
1392 482 1518 528 sunt
1536 489 1595 527 ex
1615 490 1675 528 eo
1690 513 1704 536 ,
1744 475 1884 540 quod
1905 475 2163 526 homines
2190 477 2303 527 has

374 553 506 606 duas
543 553 812 606 facultates
847 554 994 604 miris
1029 551 1208 604 modis·
1236 552 1371 604 inter
1406 567 1465 605 se
1502 552 1857 614 confuderint,
1895 565 1991 603 nec
2027 561 2303 604 accurate

373 633 511 684 inter
556 633 697 697 ipsas
745 631 1092 697 distinguere,
1141 643 1409 696 unamque
1454 630 1521 683 ab
1568 629 1666 682 alia
1713 638 1953 696 separare
1992 631 2316 682 sciverint.¹

373 711 462 760 44.
516 710 624 758 Iam
659 715 936 774 antequam
975 706 1042 759 ad
1073 706 1174 758 alia
1209 721 1419 774 pergam
1439 747 1453 770 ,
1501 707 1585 759 hic
1622 719 1863 774 expresse
1900 719 2115 758 monere
2160 709 2316 772 volo¹

376 785 611 850 (tametsi
630 785 731 835 iam
751 785 948 836 dictum
969 784 1065 852 sit)
1083 787 1136 846 ¹)
1163 785 1298 836 circa
1328 785 1602 837 utilitatem
1632 791 1683 838 et
1702 784 2068 836 necessitatem
2086 797 2316 836 sacrae¹

374 861 658 928 scripturae
702 858 808 914 sive
853 862 1179 914 revelationis
1202 900 1216 924 ,
1274 861 1415 928 quod
1462 864 1628 930 ipsam
1681 875 2012 929 permagnam
2070 867 2295 914 statuo.

373 937 506 989 Nam
555 939 982 1006 quandoquidem
1013 953 1119 990 non
1145 953 1431 1006 possumus
1466 941 1663 991 hmine
1694 939 1937 990 naturali
1961 941 2291 1005 percipere,

373 1013 518 1079 quod
541 1017 768 1082 εἰπψὶεω
795 1017 1096 1067 obedientia
1113 1019 1205 1068 via
1224 1015 1298 1066 ad
1312 1017 1537 1068 salutem
1556 1020 1631 1068 sit
1642 1016 1699 1085 ²)
1714 1055 1729 1080 ,
1766 1017 1861 1067 sed
1875 1015 1988 1066 sola
2004 1017 2316 1068 revelatio

374 1091 589 1154 doceat,
629 1093 689 1143 id
713 1109 788 1144 eoe
809 1096 1080 1160 singulari
1104 1094 1213 1144 Det?
1236 1098 1424 1160 gratia
1440 1133 1453 1156 ,
1493 1109 1654 1160 quam
1679 1097 1889 1144 ratione
1918 1095 2137 1159 assequi
2170 1109 2316 1145 non}

367 1184 672 1234 possumus,
695 1171 860 1236 fier-ef,
891 1171 1011 1222 hine
1041 1171 1309 1236 sequitur,
1349 1172 1671 1237 scripturam
1698 1183 1946 1236 magnum
1976 1169 2316 1222 admodunr

374 1245 606 1298 solamen
629 1247 934 1300 mortalibus
951 1248 1211 1300 attulisse.
1254 1249 1340 1300 45.
1363 1249 1571 1314 Quippe
1592 1261 1776 1300 omnes
1794 1247 2031 1299 absolute
2052 1246 2293 1300 obedire

374 1331 626 1389 possunt,
667 1332 718 1376 et
735 1339 840 1376 nou
862 1327 962 1378 nisi
983 1326 1293 1392 paucissimi
1314 1332 1465 1387 sunt,
1498 1326 1545 1376 si
1567 1337 1686 1376 eum
1707 1331 1813 1376 toto
1833 1325 2059 1376 humano
2078 1339 2289 1390 genere

375 1409 763 1468 comparentur,
803 1404 894 1470 qui
923 1404 1132 1454 virtutis
1161 1401 1399 1454 habitum
1428 1415 1489 1454 ex
1516 1402 1627 1454 solo
1656 1403 1871 1454 rationis
1898 1400 2056 1452 ductu
2079 1406 2293 1468 acqui-

375 1486 523 1541 runt,
564 1479 798 1546 adeoque
835 1481 937 1532 uisi
965 1479 1063 1532 hoc
1094 1480 1391 1546 scripturae
1426 1481 1782 1530 testimonium
1819 1477 2161 1542 haberemus,
2212 1480 2287 1532 de

319 1573 326 1580 ·
377 1557 608 1608 omnium
627 1557 734 1609 fere
751 1555 922 1611 salute
939 1556 1317 1609 dubitaremus.

414 1794 596 1857 GAP.
655 1796 824 1857 XVI.
919 1798 1014 1859 De
1068 1797 1431 1879 reipublicae
1484 1796 1915 1871 fundamentis3
1974 1798 2049 1857 de
2104 1800 2242 1858 iure

441 1890 906 1972 uniuscuiusque
954 1893 1200 1953 naturali
1247 1900 1308 1953 et
1353 1890 1539 1963 civili;
1596 1892 1791 1971 deque
1835 1910 2202 1953 summarum

1041 1992 1409 2067 potestatum
1446 1985 1591 2047 iure.

475 2154 596 2205 Huc
634 2168 803 2221 usque
842 2155 1219 2222 philosophiam
1249 2171 1278 2207 a
1312 2156 1568 2221 theologia
1607 2169 1845 2221 separare
1882 2154 2185 2205 curavimus
2224 2164 2282 2207 et

373 2229 661 2283 libertatem
700 2231 1100 2298 philosophandi
1135 2233 1437 2295 ostendere,
1478 2246 1633 2298 quam
1672 2232 1797 2283 haec
1826 2232 2109 2297 unicuique
2138 2246 2281 2283 eon-

374 2307 531 2362 cedit.
604 2308 777 2371 Quare
817 2316 1024 2375 tempus
1061 2316 1170 2371 est,
1211 2317 1267 2361 ut
1304 2311 1663 2377 inquinatum,
1710 2324 1835 2373 quo
1871 2322 2079 2373 usque
2114 2308 2281 2362 haec

371 2384 648 2437 libertas
685 2386 1016 2437 sentiendi
1055 2394 1116 2437 et
1149 2402 1312 2452 quae
1356 2388 1813 2453 unusquisque
1858 2386 2105 2447 sentit,
2162 2387 2279 2437 di·-

373 2463 561 2513 eendi
599 2464 662 2513 in
699 2464 938 2529 optima
978 2464 1313 2529 republica
1350 2479 1415 2515 se
1450 2462 1775 2515 extendat.
1846 2464 1961 2514 Boe
1998 2469 2057 2514 ut
2086 2463 2277 2515 ordine

373 2539 857 2599 examinemus„de
886 2540 1325 2593 fundamentis
1356 2540 1760 2606 reipublicae
1788 2538 2183 2604 disserendum,
2222 2549 2277 2593 et

372 2617 519 2681 prius
557 2616 628 2667 de
666 2618 802 2667 iure
840 2617 1118 2669 naturali
1157 2617 1728 2682 uniuscuiusque,
1785 2616 1853 2667 ad
1892 2614 2273 2682 rempublicam

375 2699 426 2744 et
443 2693 742 2757 religionem
763 2693 998 2745 nondum
1023 2695 1369 2747 attendentes.

477 2863 520 2914 ι)
555 2861 655 2906 Vid-
678 2862 890 2918 inprimis
910 2863 950 2914 5.
971 2864 1038 2905 27.
1059 2864 1128 2907 84.
1147 2864 1218 2905 8¹8.

475 2931 519 2981 2)
557 2928 658 2974 Hoc
679 2936 774 2984 est,
795 2930 922 2987 quod
944 2931 1000 2975 ad
1022 2930 1225 2975 salutem
1245 2942 1283 2975 s.
1306 2930 1643 2978 beatitudinem
1662 2930 1779 2977 satis
1798 2931 1883 2981 sit,
1903 2930 2055 2975 divina
2078 2930 2270 2977 decreta

373 2994 616 3044 tamquam
640 2990 742 3033 iura
761 2990 858 3035 sive
877 2991 1096 3035 mandata
1117 2989 1365 3047 amplecti,
1406 3004 1493 3037 nec
1520 3004 1639 3049 opus
1667 2992 1753 3045 sit,
1791 2990 1955 3036 eadem
1977 2994 2031 3035 ut
2048 2997 2268 3037 aeternas

373 3048 594 3092 veritates
615 3049 887 3104 concipere,
927 3062 1018 3093 non
1039 3051 1185 3102 ratio,
1216 3049 1295 3095 sed
1319 3051 1539 3099 revelatio
1560 3053 1733 3098 docere
1756 3056 1936 3110 potest,
1975 3056 2027 3095 ut
2054 3057 2186 3108 patet
2214 3063 2271 3096 ex

378 3107 710 3153 demonstratis
731 3119 835 3165 cap.
855 3110 930 3155 IV.
953 3108 1012 3161 (5.
1035 3112 1098 3155 ιο.
1120 3113 1245 3168 sqq.)
1300 3108 1388 3168 Sp.
