2350 3475
384 89 506 151 168
783 92 1176 139 TRACTATUS
1215 90 1464 137 TflEoLo
1471 91 1616 137 (ilco
1627 118 1646 128 ·
1656 90 1867 139 PoLlT.

379 273 456 323 vel
492 271 792 323 mandatnm
824 270 1011 322 habere
1036 270 1113 320 vel
1145 284 1249 320 non
1279 268 1496 332 habere,
1533 283 1638 320 non
1667 268 1907 335 iutelligit
1932 277 2264 336 praeceptum

374 349 453 401 vel
494 349 794 401 mandatum
832 348 931 399 sibi
959 362 987 397 a
1013 348 1123 397 Deo
1154 348 1432 398 revelatum
1453 386 1466 409 ‚
1506 347 1600 398 sed
1639 353 1836 397 tantum
1866 346 2052 398 Christi
2091 346 2259 397 docu-

378 434 567 488 menta,
608 440 739 491 quae
761 424 1047 491 discipulos
1066 427 1121 474 in
1142 432 1316 476 monte
1339 424 1527 475 docuit.
1603 425 1654 475 4.
1692 424 1956 475 Praeterea
1986 424 2034 475 si
2063 424 2131 475 ad
2151 438 2263 474 mo-

376 492 502 554 dum
530 504 683 554 etiam
712 502 1069 563 attendamus,
1108 516 1216 567 quo
1246 502 1297 552 in
1328 501 1409 552 bis
1447 500 1680 567 epistolis
1717 502 1936 567 apostoli
1973 500 2262 552 doctrinam

372 564 715 645 evangelicam
738 578 972 643 tradunt,
998 592 1117 629 eum
1140 580 1295 630 etiam
1317 594 1344 629 a
1368 578 1520 629 modo
1540 578 1903 645 prophetarum
1923 578 2070 629 valde
2090 578 2266 629 disce-

374 656 499 708 dere
526 654 836 707 videbimus.
910 654 1153 720 Apostoli
1183 670 1409 722 namque
1437 654 1632 721 ubique
1663 656 2058 717 ratiocinamur,
2099 656 2170 705 ita
2209 662 2266 705 ut

370 746 478 783 uon
499 732 803 798 prophetare
818 772 831 795 ,
870 733 963 783 sed
981 733 1248 798 disputare
1266 733 1554 784 videantur.
1627 730 1929 798 Prophetiae
1950 746 2067 783 vero
2085 740 2264 783 contra

370 822 511 859 mera
532 815 733 859 tantum
756 809 993 875 dogmata
1013 817 1063 861 et
1084 810 1286 861 decreta
1307 811 1598 872 continent,
1641 810 1764 875 quia
1785 810 1838 860 in
1859 810 1924 859 iis
1945 811 2088 860 Deus
2109 811 2262 875 quasi

374 886 593 951 loquens
612 884 981 947 introducitur,
1020 888 1109 953 qui
1140 902 1244 937 non
1277 886 1632 946 ratiocinatur,
1665 886 1758 936 sed
1791 900 1848 935 ex
1877 885 2118 937 absoluto
2137 900 2265 937 suae
2320 922 2321 955 3

371 969 587 1013 naturae
606 964 824 1029 imperio
846 963 1101 1025 decernit;
1127 971 1175 1014 et
1196 964 1350 1015 etiam
1371 964 1491 1029 quia
1511 960 1792 1029 prophetae
1813 964 2090 1013 auctoritas
2111 964 2265 1013 ratio-

370 1040 529 1091 cinari
546 1052 651 1090 non
671 1042 889 1107 patitur;
932 1042 1173 1106 quisquis
1195 1040 1332 1091 enim
1351 1040 1462 1092 vult
1480 1054 1572 1091 sua
1594 1039 1832 1104 dogmata
1855 1040 2051 1091 ratione
2073 1040 2264 1091 confir·
2320 1086 2321 1099 2

372 1128 539 1180 mare,
578 1130 643 1168 eo
670 1117 785 1183 ipso
813 1130 871 1168 ea
898 1117 1127 1168 arbitrali
1158 1118 1575 1183 uniuscuiusque
1595 1116 1788 1167 iudicio
1811 1116 2071 1168 submittit
2089 1116 2264 1184 (quod
2320 1134 2321 1157 π

374 1194 527 1245 etiam
556 1193 751 1246 Paulus
782 1195 900 1260 quia
930 1195 1286 1255 ratiocinatur,
1329 1195 1512 1245 fecisse
1541 1193 1768 1255 videtur,
1810 1194 1901 1259 qui
1928 1194 1982 1243 in
2013 1196 2167 1261 epist.
2201 1194 2264 1245 ad

371 1270 607 1321 Corinth.
633 1270 681 1322 1.
704 1284 819 1337 cap.
844 1271 925 1323 10.
946 1284 1083 1323 vers.
1110 1273 1194 1323 15.
1217 1272 1376 1331 ait¹):
1416 1276 1669 1338 tanquam
1696 1272 2024 1337 sapientibus
2053 1271 2261 1337 loquor,
2319 1262 2321 1299 ³

372 1348 611 1399 iudicate
630 1362 721 1397 voc
740 1348 799 1397 id
812 1348 957 1413 quod
970 1348 1148 1411 dico),·
1187 1355 1238 1399 et
1267 1348 1492 1413 denique
1511 1348 1635 1413 quia
1657 1346 1940 1413 prophetae
1959 1362 2043 1399 res
2065 1348 2265 1399 revela-

372 1430 454 1476 tas
473 1438 577 1481 non
597 1438 656 1477 ex
675 1426 861 1475 virtute
882 1425 1094 1476 luminis
1116 1424 1382 1485 naturaliS,
1406 1424 1502 1475 hoc
1521 1431 1620 1487 est,
1644 1438 1749 1475 non
1768 1424 2122 1477 ratiocinando
2143 1440 2266 1491 per—

372 1500 653 1567 cipiebant,
676 1502 806 1552 utin
826 1515 937 1566 cap.
966 1501 1015 1552 1.
1037 1500 1364 1554 ostendimus
1379 1503 1452 1563 ²).
1529 1503 1579 1552 5.
1610 1502 1677 1551 Et
1695 1501 1932 1566 quamvis
1952 1501 2005 1551 in
2027 1504 2266 1568 quinque
2294 1514 2296 1517 ’

374 1577 521 1629 libris
540 1579 695 1629 etiam
716 1577 971 1642 quaedam
994 1592 1085 1644 per
1104 1577 1388 1629 illationem
1411 1579 1648 1629 concludi
1669 1577 1958 1639 videantur,
1981 1579 2026 1629 si
2045 1580 2165 1645 quis
2184 1587 2266 1629 ta-

375 1668 496 1706 men
527 1654 593 1705 ad
622 1668 680 1705 ea
706 1654 1008 1715 attenderit,
1040 1654 1220 1705 eadem
1238 1655 1382 1707 nullo
1401 1656 1556 1706 modo
1575 1662 1823 1720 tanquam
1845 1658 2154 1720 peremtoria
2173 1670 2265 1705 ar-

374 1737 618 1797 gumenta
638 1731 778 1782 sumi
802 1745 956 1796 posse
976 1729 1192 1782 videbit.
1227 1732 1322 1784 Ex.
1337 1747 1416 1798 gr.
1439 1748 1601 1798 quum
1625 1734 1802 1785 Moses
1821 1732 2033 1784 Denter.
2047 1749 2160 1799 cap.
2175 1734 2263 1785 31.

374 1823 507 1860 vers.
531 1809 618 1862 27.
691 1808 941 1859 Israelitis
973 1808 1124 1859 dixit:
1164 1808 1253 1873 Si,
1293 1809 1416 1860 dum
1443 1803 1545 1875 ego
1573 1811 1840 1860 vobiscum
1857 1812 2002 1872 viati,
2042 1811 2267 1861 rebelles

360 1886 559 1951 fuistis
577 1889 761 1936 contra
780 1884 953 1935 Deum
966 1923 981 1947 ‚
1018 1885 1185 1936 multo
1203 1889 1381 1952 magis
1391 1893 1677 1954 postquam
1697 1891 1938 1936 mortuus
1956 1901 2047 1938 ero
2057 1907 2078 1949 ‚·
2116 1887 2265 1938 nullo

373 1962 529 2013 modo
548 1960 941 2027 intelligendam
960 1969 1059 2024 est,
1078 1962 1218 2028 quod
1231 1963 1408 2016 Moses
1429 1965 1627 2016 ratione
1645 1963 1948 2014 convincere
1967 1963 2074 2013 vult
2093 1965 2269 2015 Isi-aii-
2319 2017 2321 2034 ἰ

374 2040 492 2090 litas
530 2048 647 2106 post
682 2041 797 2091 eius
832 2046 1049 2090 mortem
1086 2055 1115 2090 a
1152 2053 1273 2092 vero
1299 2041 1397 2092 Dei
1437 2040 1579 2092 cultu
1619 2040 1912 2090 necessario
1950 2039 2265 2091 deflexuroS.
2320 2039 2321 2074 ἒ

373 2115 753 2182 Argumentum
792 2117 930 2167 enim
972 2116 1161 2168 falsum
1203 2124 1370 2177 esset,
1413 2118 1552 2184 quod
1582 2118 1737 2168 etiam
1767 2130 1825 2167 ex
1855 2117 1966 2182 ipsa
1997 2118 2267 2184 Scriptura

376 2193 575 2245 ostendi
606 2200 803 2259 posset.
875 2196 1003 2246 Nam
1033 2194 1299 2245 Israelitae
1329 2202 1622 2245 constanter
1647 2200 2041 2260 perseverarunt
2067 2194 2268 2245 vivente

374 2273 529 2324 Iosua
550 2277 601 2323 et
619 2269 872 2334 Senibus,
905 2278 955 2322 et
971 2280 1150 2337 postea
1170 2271 1324 2322 etiam
1345 2273 1541 2323 vivente
1563 2271 1805 2323 Samuele
1819 2309 1834 2334 ‚
1862 2269 2058 2323 Davide
2074 2309 2089 2333 ‚
2110 2271 2268 2323 Salo—

374 2363 529 2400 mone
549 2354 645 2400 etc.
722 2348 773 2399 6.
797 2348 969 2411 Quare
989 2347 1140 2400 verba
1160 2348 1248 2400 illa
1269 2350 1436 2402 Mosis
1455 2349 1666 2400 moralis
1683 2347 1876 2399 locutio
1895 2356 2097 2399 tantum
2115 2354 2265 2409 sunt,

377 2440 479 2492 qua
498 2425 769 2488 rhetorice,
786 2433 835 2477 et
854 2431 1009 2492 prout
1026 2425 1252 2477 futuram
1273 2426 1452 2492 populi
1472 2425 1812 2478 defectionem
1837 2425 2056 2476 vividius
2075 2425 2270 2490 imagi-

378 2504 487 2554 nari
505 2510 761 2570 potuerat,
801 2502 1067 2569 praedicit.
1142 2505 1292 2554 Ratio
1314 2509 1484 2554 autem
1507 2517 1599 2553 cur
1617 2517 1720 2552 non
1743 2501 1878 2562 dico,
1915 2502 2101 2554 Mosen
2124 2516 2182 2554 ex
2203 2516 2267 2553 se

376 2581 518 2647 ipso,
540 2587 615 2630 ‘ut
644 2579 837 2646 populo
853 2593 1004 2630 suam
1031 2579 1436 2646 praedictionem
1463 2578 1792 2631 verisimilem
1822 2578 2042 2642 faceret,
2075 2585 2126 2630 et
2153 2594 2262 2630 non

376 2665 624 2722 tanquam
644 2653 946 2723 prophetam
966 2671 1025 2710 ex
1045 2651 1351 2709 revelatione
1372 2657 1496 2708 haec
1515 2654 1724 2717 dixisse,
1748 2661 1844 2717 est,
1866 2657 1990 2721 quia
2011 2670 2148 2708 vers.
2171 2657 2231 2710 2¹
2246 2693 2262 2709 .
2320 2705 2321 2708 ,

380 2731 612 2798 eiusdem
634 2737 749 2800 cap.
772 2741 1035 2796 narratur,
1074 2735 1244 2786 Deum
1267 2733 1362 2785 hoc
1390 2735 1562 2801 ipsum
1585 2733 1720 2784 Mosi
1739 2732 1857 2783 aliis
1877 2732 2048 2784 verbis
2070 2734 2266 2785 revela·
2320 2747 2321 2758 ¹

380 2803 532 2872 visse,
554 2825 710 2876 quem
729 2822 855 2862 sane
875 2827 977 2863 non
998 2825 1131 2877 opus
1152 2818 1278 2875 erat,
1295 2809 1660 2863 verisimilibus
1679 2809 1966 2862 rationibus
1987 2811 2264 2864 certiorem
2319 2819 2321 2862 j

482 2972 525 3022 ι)
560 2940 680 3024 „ziza
700 2934 967 3033 wpovt'peotc
985 2952 1138 3030 tiqui,-
1163 2945 1594 3042 ’Ξτρἰαϊεζῦῥεῖςιὸ
1607 2945 1814 3032 'sssum-“⁴

480 3047 527 3103 2)
550 3046 652 3092 Vid.
672 3047 881 3104 inprimis
902 3049 943 3102 ς.
962 3049 1031 3093 4³.
1051 3059 1155 3107 sqq.
