2350 3475
368 38 490 106 1⁷6
759 40 1151 93 ‘ruac'raws
1189 42 1845 93 Tnsotaomco-Pom‘r.

366 223 579 291 indiget,
600 223 695 277 sed
714 229 889 277 contra
906 222 971 275 de
990 224 1159 291 ipsius
1179 222 1454 291 splendore
1472 223 1733 281 adimitur,
1753 222 1965 295 quando
1985 220 2258 275 similibus

368 300 623 369 figmentis
653 302 946 355 adornatur.
1023 303 1073 351 5.
1110 301 1186 351 At
1201 301 1397 365 dicent,
1437 302 1675 369 quamvis
1703 300 1782 355 lex
1811 302 1979 355 divina
2007 300 2258 354 cordibus

365 378 609 447 inscripta
628 380 723 441 sit,
764 378 1080 445 scripturam
1106 377 1447 431 nihilominus
1471 379 1568 431 Dei
1595 393 1711 431 esse
1738 377 1981 440 verbum,
2021 378 2259 443 adeoque

364 471 467 513 non
490 459 651 523 magis
671 456 735 507 de
755 456 1014 523 Scriptura
1028 494 1043 519 ,
1083 470 1240 521 quam
1261 457 1324 508 de
1341 457 1437 508 Dei
1456 452 1610 508 verbo
1630 454 1798 507 dicere
1817 456 1966 507 licere
1981 494 1997 517 ,
2035 454 2257 506 eandem

364 538 650 585 truncatam
671 538 721 585 et
740 533 1065 600 depravatam
1086 546 1223 584 esse.
1274 532 1466 584 Verum
1488 546 1582 599 ego
1601 538 1777 584 contra
1796 546 1986 597 vereor,
2009 546 2077 583 ne
2097 532 2257 583 nimis

363 610 607 661 studeant
633 624 753 661 esse
778 612 971 672 saneti,
1010 617 1063 661 et
1091 609 1390 676 religionem
1421 611 1472 661 in
1493 608 1915 676 superstitionem
1936 615 2250 667 convertant,

364 688 469 739 imo
489 700 553 737 ne
572 687 845 739 simulacra
864 694 915 739 et
932 688 1184 753 imagines
1197 727 1210 750 ,
1234 686 1332 738 boc
1350 693 1432 737 est
1449 686 1674 739 chartam
1694 694 1744 737 et
1760 693 2108 738 atramentum
2126 723 2141 747 ,
2165 700 2255 751 pro

364 764 457 813 Dei
496 762 651 815 verbo
686 765 897 817 adorare
934 762 1204 830 incipiant.
1287 767 1339 817 6.
1375 764 1489 815 Hoc
1527 764 1660 827 scio,
1703 777 1784 814 me
1822 762 1951 814 nibil
1981 762 2254 828 indignum

364 840 627 906 Scriptura
649 849 735 892 aut
752 842 847 893 Dei
867 840 1019 893 verbo
1041 840 1251 903 dixisse,
1274 843 1365 907 qui
1387 840 1514 892 nibil
1535 841 1822 902 statuerim,
1853 839 1993 906 quod
2015 854 2121 890 non
2145 840 2253 891 evi-
2328 868 2329 873 =

362 916 683 969 deotissimis
730 918 1015 970 rationibus
1062 932 1236 969 verum
1283 932 1400 970 esse
1447 918 1902 969 demonstraverim
1918 956 1932 979 ,
1972 924 2021 967 et
2057 916 2160 968 hac
2196 917 2256 967 de
2328 914 2329 951 ἶ

364 1008 517 1045 causa
538 996 691 1047 etiam
714 1006 849 1049 certo
872 996 1120 1047 affirmare
1141 997 1362 1063 possim,
1385 1010 1468 1047 me
1489 994 1616 1047 nihil
1636 996 1841 1056 dixisse,
1868 993 2008 1061 quod
2029 994 2255 1061 impium
2328 1054 2329 1057 Ἴ

364 1073 457 1133 sit,
498 1072 576 1124 vel
598 1074 737 1139 quod
760 1074 1075 1140 impietatem
1096 1073 1340 1125 redoleat.
1413 1074 1597 1124 Fateor
1613 1072 1859 1139 profanos
1880 1070 2139 1137 quosdam
2162 1070 2256 1121 ho-

362 1150 559 1213 mines,
598 1151 791 1216 quibus
813 1150 989 1215 religio
1008 1164 1143 1201 onus
1162 1158 1270 1211 est,
1310 1164 1368 1201 ex
1387 1150 1468 1201 his
1489 1148 1753 1200 licentiam
1776 1148 2020 1216 peccandi
2043 1163 2255 1199 sumere

364 1238 521 1291 posse
536 1267 549 1288 ,
589 1235 639 1279 et
664 1230 777 1279 sine
806 1226 913 1277 ulla
942 1228 1167 1289 ratione,
1207 1226 1299 1277 sed
1332 1232 1531 1277 tautum
1569 1233 1628 1277 ut
1663 1226 1909 1292 voluptati
1949 1225 2251 1286 concedant,
2328 1234 2329 1237 ’

364 1302 487 1354 bine
508 1305 812 1356 concludere
824 1305 1141 1371 scripturam
1163 1303 1360 1369 ubique
1382 1318 1498 1354 esse
1518 1302 1821 1355 mendosam
1843 1310 1892 1354 et
1907 1300 2252 1363 falsificatum,

368 1387 419 1430 et
446 1388 823 1447 consequenter
851 1380 1047 1432 nullius
1076 1382 1229 1431 etiam
1258 1381 1592 1431 auctoritatis.
1668 1380 1719 1431 7.
1759 1379 1954 1431 Verum
1995 1378 2257 1431 similibus

365 1456 641 1509 subvenire
660 1456 987 1524 impossibile
1006 1464 1086 1509 est
1104 1457 1395 1509 seeundum
1415 1456 1541 1507 illud
1563 1458 1740 1507 tritum
1755 1497 1768 1519 ,
1811 1456 1954 1522 quod
1977 1456 2105 1507 nibil
2129 1457 2256 1507 adeo
2306 1472 2330 1485 -·

366 1540 501 1584 recte
530 1534 633 1583 dici
656 1542 851 1600 potest,
894 1536 1020 1601 quin
1043 1535 1175 1585 male
1195 1534 1578 1601 interpretando
1598 1534 1764 1601 possit
1784 1533 2071 1600 depravari.
2094 1592 2110 1607 ι
2151 1533 2257 1597 Qui

362 1609 711 1674 voluptatibus
732 1611 998 1675 indulgere
1020 1610 1218 1670 volunt,
1239 1610 1382 1661 facile
1407 1606 1618 1661 causam
1639 1624 2006 1676 quamcunque
2028 1612 2256 1662 invenire

363 1691 605 1750 possunt,
628 1700 725 1738 nec
744 1687 865 1738 olim
888 1688 940 1748 ii,
968 1689 1057 1753 qui
1080 1686 1195 1754 ipsa
1213 1687 1496 1754 originalia,
1522 1702 1690 1740 arcam
1716 1688 1956 1754 foederis,
1984 1688 2087 1740 imo
2110 1688 2254 1755 ipsos

364 1761 638 1828 propbetas
657 1773 709 1814 et
726 1765 985 1829 apostolos
1006 1764 1283 1826 habebant,
1325 1765 1565 1817 meliores
1587 1765 1812 1828 suerunt,
1853 1780 1948 1816 nec
1971 1767 2136 1831 magis
2157 1764 2254 1816 ob-

364 1845 728 1906 temperantes,
769 1841 859 1892 sed
882 1855 1063 1893 omnes
1086 1849 1190 1892 tam
1212 1841 1410 1907 Iudaei,
1452 1857 1606 1907 quam
1631 1843 1849 1908 gentiles
1869 1843 2024 1893 iidem
2046 1856 2254 1908 semper

364 1915 601 1978 fuerunt,
642 1924 693 1968 et
720 1919 771 1968 in
794 1921 934 1968 omni
955 1933 1079 1970 aevo
1100 1921 1261 1970 virtus
1283 1919 1569 1970 admodum
1591 1933 1700 1970 rara
1723 1919 1837 1970 fuit.
1913 1920 1965 1970 8.
2005 1921 2250 1972 Attamen

364 2000 423 2044 ut
440 2007 648 2047 omnem
671 2009 932 2048 amoveam
954 1997 1260 2062 scrupulum
1277 2035 1289 2057 ,
1330 1997 1710 2048 ostendendum
1734 1996 1813 2047 hic
1843 2003 1949 2058 est,
1992 2011 2113 2062 qua
2149 2012 2251 2047 ra-

364 2072 541 2122 tione
576 2072 903 2138 Scriptura
944 2081 1006 2125 et
1042 2088 1452 2140 quaecunque
1489 2088 1590 2125 res
1629 2080 1792 2123 muta
1831 2087 2008 2124 sacra
2047 2081 2108 2125 et
2145 2073 2250 2125 di-

362 2149 507 2199 viua
539 2149 665 2200 dici
697 2149 955 2212 debeat3
994 2150 1184 2202 deinde
1215 2151 1365 2216 quid
1395 2151 1483 2201 sit
1511 2165 1724 2202 revera
1755 2149 2012 2201 verbum
2032 2151 2166 2214 Dei,
2203 2157 2251 2200 et

367 2225 505 2290 quod
546 2227 598 2276 id
632 2240 736 2278 non
774 2227 1097 2280 contineatur
1133 2231 1183 2279 in
1223 2235 1359 2278 certo
1389 2241 1602 2278 numero
1632 2225 1908 2290 librorum;
1949 2236 1997 2278 et
2026 2226 2247 2291 denique

365 2303 789 2369 scripturam,
830 2313 1149 2371 quatenus
1187 2319 1254 2355 ea
1293 2304 1476 2355 docet
1509 2317 1668 2368 quae
1706 2304 1777 2354 ad
1817 2303 2248 2354 obedientiam

365 2387 424 2430 et
460 2381 736 2432 salutem
776 2384 1140 2434 necessaria
1180 2387 1334 2432 sunt
1354 2421 1368 2443 ,
1411 2395 1533 2432 non
1571 2381 1868 2446 potuisse
1907 2383 2247 2446 corrumpi.
2328 2393 2329 2408 ¹

364 2457 494 2508 Nam
525 2471 583 2509 ex
610 2458 691 2510 bis
721 2458 865 2510 facile
892 2461 1260 2525 unusquisque
1289 2457 1514 2509 iudicare
1543 2457 1751 2524 poterit,
1793 2469 1890 2508 nos
1923 2455 2046 2508 nihil
2077 2465 2247 2507 eontra

364 2533 460 2584 Dei
478 2535 691 2587 verbum
712 2535 929 2596 dixisse,
973 2536 1068 2588 neo
1086 2535 1251 2588 ulium
1274 2533 1444 2586 locum
1465 2534 1713 2601 impietati
1736 2533 1965 2584 dedisse.

468 2613 520 2663 9.
569 2612 629 2662 Id
664 2625 876 2663 eaerum
914 2618 966 2664 et
994 2613 1228 2663 divinum
1265 2618 1500 2675 vocatur,
1541 2611 1682 2678 quod
1723 2611 1898 2678 pietati
1935 2617 1984 2661 et
2019 2609 2248 2674 religioni

366 2688 676 2740 exercendae
698 2688 1013 2740 destinatum
1034 2697 1140 2750 est,
1184 2695 1234 2739 et
1255 2695 1356 2738 tam
1379 2687 1470 2738 diu
1491 2695 1691 2739 tantum
1713 2701 1915 2738 sacrum
1938 2687 2055 2752 erit,
2090 2700 2245 2754 quam
2328 2723 2329 2726 η

367 2767 457 2837 diu
483 2763 721 2815 homines
750 2778 811 2816 eo
842 2766 1079 2831 religiose
1108 2771 1347 2817 utuntur.
1397 2765 1570 2829 'Quod
1593 2767 1638 2817 si
1656 2765 1728 2832 pii
1749 2777 1865 2816 esse
1894 2763 2159 2827 desinant,
2198 2772 2248 2814 et
2328 2783 2329 2804 ‡

368 2841 424 2891 id
442 2843 597 2892 etiam
618 2841 778 2892 simul
806 2854 1010 2894 sacrum
1041 2855 1159 2894 esse
1185 2841 1416 2904 desinet:
1452 2850 1502 2893 at
1531 2844 1574 2894 si
1603 2844 1742 2895 idem
1761 2841 1824 2893 ad
1845 2853 1928 2893 res
1948 2842 2131 2907 impias
2150 2855 2247 2907 pa-
2328 2857 2329 2866 ἱ

368 2917 575 2969 trandas
594 2917 849 2982 dedicent,
890 2926 1001 2969 tum
1021 2919 1074 2970 id
1095 2921 1288 2987 ipsum,
1315 2919 1456 2986 quod
1475 2927 1622 2971 antea
1643 2933 1848 2972 sacrum
1871 2927 1994 2980 erat,
2017 2919 2248 2970 immun·
2327 2909 2329 2918 ‘

367 2995 494 3046 dum
522 3001 573 3048 et
598 2995 871 3064 profanum
904 2995 1163 3051 reddetur.
1241 2997 1324 3049 10.
1361 2997 1455 3049 Ex.
1487 3012 1565 3064 gr.
1597 2997 1742 3052 locus
1771 2995 1985 3064 quidam
2011 2994 2248 3050 alacobo

676 3128 688 3142 a

405 3455 442 3475 ι.
586 3455 593 3458 “
910 3453 921 3457 ⁴
1351 3453 1368 3457 ’
1527 3451 1582 3456 v*
1663 3447 1950 3475 -——··—-;'-‘--—-
2150 3445 2212 3454 *—
2325 3212 2330 3475 Ι
