2350 3475
933 96 1316 143 PRAEFATIO.
1932 94 1937 99 “
2000 105 2062 141 ΧῙ

177 275 242 329 de
271 276 618 343 praestantia
655 279 709 325 et
738 277 1048 327 necessitate
1078 274 1423 327 >revelationis
1446 273 1667 338 ‚divinae
1704 288 1753 326 c.
1779 258 1861 327 15.
1902 278 1955 342 5.
1974 276 2063 331 27.

174 363 262 415 37.
284 362 420 427 44.;’
449 360 516 414 de
535 364 845 423 ,veracitate
876 364 1199 429 scriptorum
1230 376 1505 413 sacrorum
1542 374 1589 412 c.
1615 360 1665 411 5.
1704 361 1757 425 5.
1780 361 1866 413 46.
1906 376 1953 413 5.
1980 365 2063 417 12.

167 448 228 511 5.
251 449 339 499 33.
363 462 512 515 sqq„
541 448 608 501 de
619 448 740 515 ,fido
767 447 1165 514 evangeliorum
1192 462 1239 499 c.
1265 448 1349 503 12.
1378 448 1431 511 5.
1455 448 1540 499 39.
1563 460 1680 513 sq.;
1720 446 1785 499 de
1806 446 2067 499 Christia-

170 548 366 585 norum
391 536 704 585 ceremoniis
731 548 780 585 c.
803 534 854 585 5.
891 534 945 599 5.
965 533 1053 587 32.
1076 547 1197 601 sqq.
1236 539 1289 585 et
1321 533 1467 585 cultu
1495 532 1709 599 publico
1744 546 1794 584 c.
1818 534 1869 585 5.
1897 533 1950 597 5.
1974 534 2061 585 44.

169 618 516 674 Praeclarum
555 627 639 673 est
673 620 790 672 eius
835 619 1098 672 iudicium
1133 619 1201 671 de
1237 619 1433 686 regulis
1476 618 1889 671 hermeneuticis
1926 619 1981 671 ’5.
2009 618 2061 669 7.

169 706 223 769 5.
246 706 298 757 6.
324 720 487 772 sqq.,
525 703 590 757 de
621 706 890 773 Scriptura
916 720 1012 772 per
1037 706 1363 772 Scriptura‘m
1394 686 1699 773 explicanda
1724 718 1771 755 c.
1797 704 1881 757 15.
1911 705 1964 769 5.
1984 703 2063 769 8.,
2112 750 2119 755 .

168 789 236 843 de
261 790 430 841 unico
459 788 608 842 firmo
638 790 958 858 reipublicae
986 790 1330 843 fundamento
1358 796 1409 842 et
1426 790 1620 841 civium
1637 788 1878 845 libertate
1908 806 1955 843 c.
1981 790 2062 842 19.

165 877 222 939 5.
237 876 326 928 46.
351 890 474 941 sqq.
506 890 554 927 c.
577 878 660 929 10.
691 878 742 941 5.
765 876 817 927 7.
837 891 957 943 sqq.
989 876 1072 927 11.
1095 890 1179 943 sq.
1165 913 1201 942 .,
1226 875 1478 929 delibero
1497 870 1837 933 'sentiendiet
1854 875 2065 929 dicendi

165 962 441 1013 usu⁴c..7
478 961 782 1029 590555.
823 961 1171 1027 5..145.31.
1194 962 1281 1013 39.
1312 962 1467 1015 5.2.0
1499 963 2061 1027 5.3...61022-24

164 1047 257 1101 28.
281 1062 408 1113 sqq.
433 1047 520 1099 34.
535 1062 654 1114 sqq.
714 1049 830 1111 Qua
859 1047 1024 1099 animi
1053 1047 1355 1100 sinceritate
1374 1047 1706 1101 sacerdotum
1728 1047 2065 1101 Iudaicorum

165 1140 223 1185 et
256 1132 573 1201 pontificum
607 1136 966 1185 Romanorum
1005 1134 1355 1199 arrogantiam
1394 1133 1589 1187 refutat
1628 1146 1677 1187 c.
1699 1134 1750 1185 7.
1788 1134 1843 1199 s.
1866 1134 1953 1188 38.
1974 1133 2061 1185 39.

165 1218 258 1270 88.
300 1218 390 1269 89.
410 1218 426 1269 t
501 1220 576 1271 De
605 1218 942 1282 discrimine,
983 1218 1125 1286 quod
1161 1218 1453 1271 intercedat
1485 1218 1805 1286 theologiam
1841 1220 1979 1271 inter
2016 1226 2077 1277 et⁸

166 1303 601 1372 philosophiam,
637 1319 760 1357 cum
787 1304 844 1357 b.
873 1304 1353 1356 Subiciet-machoro
1383 1318 1431 1355 c.
1455 1303 1540 1355 14.
1569 1305 1623 1369 5.
1646 1303 1731 1355 37.
1754 1317 1873 1371 sqq.
1904 1320 1951 1356 c.
1978 1304 2061 1355 15.

166 1392 224 1454 5.
244 1391 336 1446 21.
359 1404 514 1457 sqq„
553 1390 619 1443 de
645 1392 873 1444 vanitate
902 1391 1121 1443 rationis
1148 1390 1385 1443 hominis
1404 1388 1693 1467 singularis
1714 1404 1761 1441 c.
1786 1391 1869 1443 16.
1898 1390 1949 1453 5.
1976 1389 2059 1441 11.

171 1476 312 1529 etde
332 1475 578 1543 figmento
599 1476 734 1527 iuris
753 1475 1008 1534 naturalis
1027 1476 1169 1544 quod
1188 1466 1383 1529 dicitur
1402 1490 1521 1529 cum
1552 1474 1733 1528 eodem
1762 1480 1814 1527 et
1840 1473 2061 1540 Hcgclio

167 1562 450 1621 consensit
475 1564 630 1615 5.16.
663 1563 715 1626 5.
739 1561 793 1614 7.
815 1576 936 1629 sqq.

277 1645 524 1704 Ceterum
552 1646 810 1713 quaedam
829 1647 991 1700 huius
1016 1652 1267 1699 tractatus
1298 1648 1464 1725 capita
1493 1646 1748 1701 subtilius
1778 1647 2063 1716 explanan-

165 1741 256 1786 tur
282 1733 341 1784 in
368 1732 640 1800 epistolis,
670 1733 868 1801 quibus
903 1732 1257 1802 philosophus
1286 1749 1405 1788 cum
1435 1735 1564 1788 viris
1586 1734 1755 1789 doctis
1784 1733 1849 1788 de
1878 1734 2061 1789 eodem

169 1818 300 1887 egit.
361 1819 485 1873 vid.
509 1820 664 1888 epist.
689 1822 774 1872 14.
799 1821 882 1872 17.
907 1821 1126 1875 19-25.
1151 1819 1375 1874 47--50.
1391 1820 1615 1875 72--75.

273 1905 506 1956 Iudicem
532 1903 766 1957 loco'mm
793 1904 1102 2004 Scriptus-ae
1125 1905 1185 1956 S.
1217 1921 1374 1974 quem
1404 1907 1697 1960 adiecimus
1718 1906 1899 1960 multis
1919 1906 2061 1960 haud
2097 1972 2104 1980 ι

167 1993 435 2059 ingratum
461 1991 574 2045 fore
601 2005 899 2060 speramus,

1082 2096 1157 2147 11.
1961 2139 1968 2147 .

275 2183 463 2234 Restat
479 2181 708 2248 denique
727 2187 786 2231 ut
811 2179 876 2232 de
905 2179 1291 2249 compendio
1320 2174 1771 2248 grammatices
1798 2182 2059 2249 linguae

169 2264 308 2321 Eeb
319 2281 384 2318 ra
397 2281 504 2320 eae
524 2267 782 2333 quaedam
802 2265 1066 2321 dicamuS.
1137 2268 1511 2334 Fragmentum
1532 2275 1633 2333 est,
1656 2270 1809 2321 cuius
1828 2283 1894 2320 ne
1913 2268 2053 2335 prio-

169 2367 286 2413 rem
306 2352 524 2419 quidem
543 2359 746 2421 partem
763 2353 802 2404 i.
817 2366 864 2404 e.
879 2351 1260 2418 etymologiam
1278 2359 1457 2404 auctor
1474 2351 1719 2406 absolvit.
1755 2352 1839 2405 Ad
1859 2361 2059 2421 partem

169 2437 420 2504 alteram,
447 2440 730 2505 cyntaoein,
761 2451 916 2505 saepe
935 2436 1161 2490 lectores
1188 2437 1394 2504 delegat
1416 2455 1464 2491 v.
1488 2454 1535 2491 c.
1568 2453 1683 2508 cap.
1706 2439 1755 2490 9.
1786 2440 1839 2505 5.
1865 2439 1947 2492 14.
1969 2439 2057 2495 22.
2112 2447 2119 2453 ·

171 2538 290 2592 cap.
315 2523 398 2577 10.
440 2523 493 2588 5.
518 2523 604 2574 11.
643 2537 758 2590 cap.
783 2523 867 2577 12.
904 2522 1065 2587 5.10.
1110 2537 1226 2590 cap.
1252 2523 1335 2576 16.
1364 2524 1526 2589 5.11.
1566 2539 1680 2592 cap.
1702 2525 1789 2579 21.
1820 2525 1873 2590 5.
1894 2527 1947 2580 2.
1972 2527 2055 2588 5.3

169 2611 332 2662 sicuti
364 2609 428 2660 ad
459 2609 766 2674 catalog-um
791 2611 1058 2660 nominum
1085 2610 1454 2674 eoeceptionum
1479 2608 1603 2662 libri
1622 2609 1723 2662 fine
1753 2610 2058 2678 ponendum

169 2710 217 2747 c.
242 2695 294 2747 6.
330 2697 384 2761 5.
406 2695 460 2747 3.
484 2695 569 2748 12.
597 2693 680 2745 17.
705 2695 789 2746 18.
863 2696 985 2762 lpse
1007 2703 1070 2747 se
1087 2708 1191 2747 non
1210 2696 1273 2748 V.
1294 2694 1399 2758 Tti,
1431 2693 1537 2747 sed·
1555 2694 1767 2762 linguae
1787 2694 2058 2750 Hebraeae

169 2781 493 2850 scripturum
511 2779 682 2833 fuisse
712 2781 1106 2846 grammaticam
1133 2781 1409 2848 professus
1432 2787 1512 2831 est
1538 2793 1653 2849 cap.
1674 2780 1727 2834 7.
1758 2782 1811 2847 5.
1830 2774 1899 2837 2.’
1954 2783 2059 2835 Hic
2148 2805 2155 2812 ·

169 2881 385 2933 quoque
413 2866 494 2941 via
514 2880 612 2918 sua
637 2866 914 2932 ingressus
943 2863 1237 2918 subtilitate
1270 2872 1321 2919 et
1347 2866 1591 2920 acumine
1620 2881 1831 2921 summo
1858 2867 2059 2921 forma-

167 2967 290 3004 rum
319 2952 538 3020 linguae
563 2949 1042 3020 Hebraeaecapita
1071 2951 1340 3029 exposuit,
1378 2966 1483 3018 quo
1512 2967 1633 3019 eum
1661 2953 1830 3005 nostri
1858 2953 2057 3008 saeculi

167 3037 432 3091 triumviri
471 3034 739 3101 Gcscm’us,
793 3037 1066 3101 Ewaldm,
1121 3037 1417 3106 Hugfelduc
1466 3037 1669 3106 egregie
1705 3038 1872 3092 secuti
1910 3045 2052 3090 sunt.
