2350 3475
836 120 974 166 ω.
1026 118 1145 165 xn.
1813 113 1936 175 1⁷5

56 376 217 439 cAP.
260 374 406 437 xil.
495 374 595 436 De
634 394 781 435 vero
824 374 981 457 legis
1014 374 1249 435 divinae
1289 372 1665 455 syngrapho,
1711 378 1775 435 et
1817 392 1938 453 qua

58 474 268 531 ratione
305 470 615 551 Scriptura
652 470 839 532 Sacra
882 475 1128 555 vocatur
1172 473 1236 529 et
1278 486 1397 549 qua
1439 470 1664 530 ratione
1699 468 1938 529 verbum

60 562 163 625 Dei.
262 564 549 643 Denique
585 561 913 627 ostenditur
946 565 1171 645 ipsam,
1209 568 1503 643 quatenus
1539 562 1783 626 verbum
1819 560 1938 625 Dei

298 660 591 729 continet,
627 658 1021 741 incorruptam
1056 657 1135 719 ad
1170 676 1288 721 nos
1320 658 1690 737 pervenisse.

144 814 249 878 Qui
269 810 473 876 Biblis,
510 816 627 864 utut
652 818 803 876 sunt,
843 817 1089 874 tanquam
1111 809 1385 876 epistolam
1401 810 1500 863 Dei
1530 824 1562 863 e
1589 809 1734 865 coelo
1759 809 1938 863 homi-

64 888 195 942 nibus
228 889 455 941 missam
477 886 833 947 considerant,
864 886 1161 939 clamabunt
1179 887 1295 939 sine
1315 885 1476 939 dubio
1495 901 1578 939 me
1598 893 1868 954 peccatum
1887 889 1944 943 in

65 967 285 1033 spiritum
306 971 549 1017 sanctum
569 966 915 1025 commisisse,
933 966 1023 1031 qui
1046 964 1242 1017 scilicet
1256 965 1355 1016 Dei
1373 962 1587 1015 verbum
1607 964 1941 1027 mendosum,

68 1050 360 1103 truncatum,
376 1040 721 1095 adulteratum
736 1049 787 1095 et
802 1040 901 1093 sibi
920 1055 1023 1091 non
1038 1049 1288 1095 constans
1309 1042 1596 1103 statuerim,
1613 1056 1814 1107 nosque
1827 1044 1944 1095 eius

68 1134 145 1170 non
164 1122 263 1171 nisi
283 1120 579 1185 fragmenta
600 1119 806 1183 habere,
827 1125 877 1169 et
896 1119 1121 1184 denique
1140 1116 1492 1185 syngraphum
1515 1119 1648 1183 pecti
1665 1120 1782 1182 Dei,
1796 1120 1942 1185 quod

70 1210 162 1248 enm
174 1196 393 1249 ludaeis
416 1197 624 1263 pepigit,
642 1198 877 1264 periisse.
948 1196 1002 1251 2.
1023 1197 1220 1249 Verum
1241 1209 1346 1248 non
1368 1193 1568 1255 dubito,
1581 1196 1630 1245 si
1645 1209 1754 1247 rem
1775 1197 1944 1263 ipsam

68 1274 373 1340 perpendere
392 1273 577 1338 velint,
616 1274 743 1340 quin
762 1275 938 1325 statim
960 1272 1182 1325 clamare
1202 1272 1460 1325 desinent.
1531 1271 1662 1323 Nam
1692 1278 1798 1323 tam
1827 1274 1942 1339 ipsa

70 1353 193 1413 ratio,
207 1364 376 1418 quam
392 1350 757 1417 prophetarum
772 1357 823 1403 et
836 1350 1188 1418 apostolorum
1204 1348 1490 1401 sententiae
1504 1355 1678 1413 aperte
1692 1348 1942 1410 clamant,

70 1428 142 1478 Dei
167 1425 685 1491 aeternum-,verbum
714 1435 766 1480 et
793 1436 1000 1494 pactum
1035 1440 1310 1492 veramque
1339 1424 1640 1491 religionem
1669 1424 1944 1477 hominum

70 1505 319 1569 cordibus,
348 1498 559 1564 hoc'est,
583 1502 838 1557 hnmanae
861 1506 1021 1557 menti
1042 1504 1288 1556 divinitus
1315 1502 1620 1569 inscriptam
1639 1516 1778 1563 esse,
1797 1516 1945 1553 eam-

72 1598 151 1647 que
179 1596 365 1633 verum
395 1594 516 1633 esse
539 1580 634 1633 Dei
663 1581 1043 1649 syngraphum,
1083 1581 1224 1649 quod
1252 1581 1365 1646 ipse
1393 1592 1490 1630 suo
1518 1579 1718 1645 sigillo,
1755 1594 1944 1646 nempe

72 1663 133 1709 sui
154 1659 269 1711 idea
292 1665 545 1723 tanquam
566 1658 792 1723 imagine
810 1674 935 1711 suae
955 1658 1238 1711 divinitatis
1255 1656 1589 1723 consignavit.
1663 1656 1719 1712 3.
1751 1658 1944 1724 Primis

72 1737 255 1789 ludaeis
287 1734 469 1800 religio
502 1741 747 1802 tanquam
778 1735 857 1790 lex
874 1738 1063 1803 scripta
1083 1734 1266 1788 tradita
1287 1743 1384 1798 est,
1424 1731 1675 1789 nimirum*
1691 1734 1946 1801 quintum

72 1815 299 1880 temporis
331 1813 484 1863 veluti
513 1812 735 1866 infantes
764 1814 1106 1866 habebantur.
1182 1813 1374 1864 Verum
1402 1813 1458 1864 in
1486 1819 1752 1879 posterum
1776 1815 1949 1869 Moses

73 1889 292 1954 (Denter.
317 1903 435 1955 cap.
458 1889 547 1940 30.
569 1904 702 1942 vers.
726 1892 806 1958 6.)
826 1898 879 1944 et
893 1891 1139 1944 Ieremias
1160 1889 1303 1956 (cap.
1327 1889 1414 1944 31.
1435 1903 1571 1944 vers.
1593 1890 1706 1954 33.)
1735 1896 1948 1957 tempus

74 1967 287 2018 futurum
314 1966 449 2032 ipsis
478 1966 805 2034 praedicant,
846 1983 950 2034 qno
970 1970 1111 2018 Deus
1139 1981 1290 2018 sunm
1317 1966 1480 2031 legem
1502 1980 1680 2018 eorum
1700 1967 1948 2036 cordibus

72 2043 326 2096 inscribet.
396 2040 654 2108 Adeoque
673 2045 799 2097 solis
820 2047 1046 2105 ludaeiS,
1072 2050 1123 2096 et
1138 2045 1414 2110 praecipue
1435 2044 1718 2096 Zaducaeis
1739 2057 1947 2110 compe-

75 2121 213 2182 tebat,
252 2119 377 2170 olim
398 2133 493 2186 pro
514 2120 625 2184 lege
646 2122 695 2172 in
718 2122 913 2173 tabulis
932 2122 1121 2187 scripta
1140 2134 1401 2188 pugnare3
1441 2127 1493 2170 at
1510 2120 1578 2172 iis
1598 2121 1831 2181 minime,
1853 2120 1946 2184 qui

74 2198 224 2263 ipsam
245 2195 514 2250 mentibus
534 2199 831 2265 inscriptam
855 2198 1064 2251 hahent.
1138 2199 1192 2248 4.
1233 2197 1334 2260 Qui
1355 2197 1508 2260 igitur
1525 2196 1588 2248 ad
1614 2196 1738 2251 haec
1767 2203 1942 2248 atten—

75 2273 177 2327 dere
194 2271 343 2336 velit,
384 2274 516 2326 nihil
532 2275 586 2326 in
608 2289 764 2341 supra
785 2276 935 2327 dictis
956 2275 1202 2340 reperiet,
1225 2273 1364 2340 quod
1385 2275 1480 2326 Dei
1497 2272 1652 2325 verbo
1669 2274 1779 2326 sive
1797 2287 1947 2324 verae

76 2351 292 2417 religioni
312 2357 363 2402 et
380 2350 501 2404 fidei
521 2359 789 2419 repugnet,
810 2352 889 2403 vel
910 2351 1051 2418 quod
1072 2366 1186 2404 earn
1206 2350 1464 2404 infirmare
1481 2350 1668 2418 possit,
1699 2349 1794 2402 sed
1816 2363 1948 2402 con-

77 2434 137 2478 tra
156 2441 253 2480 nos
271 2429 487 2481 eandem
508 2429 811 2483 confirmare
826 2469 841 2490 ,
880 2437 937 2480 ut
964 2431 1116 2482 etiam
1139 2428 1272 2480 circa
1291 2427 1446 2480 finem
1467 2441 1580 2493 cap.
1606 2427 1688 2478 10.
1712 2425 1951 2478 ostendi-

76 2517 178 2556 mus
196 2507 273 2567 1);
314 2512 365 2556 et
400 2507 453 2558 ni
485 2505 583 2557 hoc
620 2513 781 2569 esset,
826 2505 976 2573 plane
1014 2505 1077 2557 de
1117 2506 1202 2556 his
1232 2513 1397 2558 tacere
1425 2504 1766 2556 decrevissem
1781 2541 1796 2565 ,
1837 2503 1946 2557 imo

74 2581 281 2632 libenter
308 2584 679 2637 concessissem
702 2583 765 2636 ad
786 2583 1103 2650 effugiendas
1124 2597 1306 2634 omnes
1335 2579 1686 2644 difficultates,
1727 2580 1780 2630 in
1801 2579 1954 2630 Scri-2

80 2659 231 2723 pturis
250 2660 657 2724 profundissima
687 2661 842 2714 latere
864 2661 1123 2727 mysteria.
1199 2658 1302 2711 Sed
1323 2659 1446 2724 quia
1463 2658 1586 2711 inde
1605 2657 1944 2710 intolerabilis

78 2745 173 2786 orta
192 2742 272 2786 est
288 2738 585 2803 superstitio
614 2745 665 2790 et
692 2737 792 2790 alia
812 2737 1250 2804 perniciosissima
1269 2733 1622 2796 incommoda,
1665 2735 1730 2786 de
1750 2734 1944 2802 quibus

78 2813 121 2862 in
138 2811 444 2878 praefatione
464 2829 577 2882 cap.
602 2813 655 2867 7.
677 2814 880 2869 locutus
900 2829 1019 2867 sum
1036 2815 1087 2880 ²)
1102 2851 1116 2877 ,
1155 2814 1238 2865 his
1255 2813 1470 2866 minime
1487 2812 1942 2878 supersedendum

80 2903 181 2940 esse
202 2887 347 2952 duxi;
381 2892 684 2959 praesertim
709 2893 825 2959 quia
846 2892 1023 2960 religio
1044 2891 1207 2950 nullis
1223 2889 1600 2958 superstitiosis
1617 2892 1940 2947 ornamentis.

170 3025 213 3074 ¹)
250 3023 343 3069 vid.
364 3039 465 3082 cap.
485 3029 550 3071 ιο.
573 3027 613 3087 §-
632 3027 701 3070 42.

170 3084 215 3135 ²)
250 3081 342 3129 vid.
363 3097 463 3144 oap.
484 3089 527 3132 τ.
546 3089 589 3142 ς.
612 3089 730 3136 1-5.
