2350 3475
2336 0 2339 106 Ι

396 127 478 189 52
795 127 1185 176 ‘rnacnws
1222 97 1883 189 Turonomcoaiocrr.
2336 115 2338 242 ἱ

397 309 693 370 societatem
723 306 1006 362 dissolvent
1041 314 1096 360 et
1127 306 1405 373 imperinm
1441 306 1731 360 destruent.
1800 305 1887 361 21.
1924 303 2287 373 Hebraeorum

395 387 552 452 igitur
577 387 810 458 societati
833 385 960 438 nihil
990 383 1132 445 aliud
1162 399 1257 450 pro
1287 386 1541 438 constanti
1572 384 1742 449 legum
1772 383 2127 436 observatione
2161 399 2291 448 pro-
2338 334 2340 444 1

395 464 529 516 mitti
556 463 751 529 potuit,
789 476 948 527 quam
975 462 1108 520 vitae
1126 465 1377 517 securitas
1397 461 1615 527 eiusque
1635 461 1905 515 commoda
1916 462 1999 528 *),
2037 467 2087 512 et
2107 467 2289 510 contra
2338 477 2340 524 ς

313 559 318 564 ·
393 555 488 608 pro
508 539 830 599 contumacia
849 538 1052 590 nullum
1073 539 1265 590 certius
1283 538 1601 604 supplicium
1622 539 1875 604 praedici,
1898 552 2055 604 quam
2076 539 2288 602 imperii

396 619 543 668 ruina
583 621 634 666 et
667 617 829 679 mala,
870 630 1004 681 quae
1040 615 1162 666 inde
1200 615 1543 666 communiter
1576 623 1897 681 sequuntur,
1939 623 1987 666 et
2022 622 2290 680 praeterea
2341 683 2342 686 Ἴ

395 694 522 758 alia,
545 706 678 758 quaa
698 707 758 746 ex
773 707 952 746 eorum
973 692 1250 758 singularis
1270 693 1471 758 imperii
1489 693 1638 745 ruina
1657 693 1789 759 ipsis
1809 691 2135 758 peculiariter
2152 691 2287 744 sub-
2341 697 2342 750 ἢ

373 771 665 822 prirentur.
736 769 841 823 Sed
869 770 934 822 de
959 768 1044 822 his
1078 783 1185 820 non
1225 775 1307 820 est
1339 784 1473 835 opus
1510 771 1995 836 impraesentiarum
2034 769 2289 835 prolixius

394 861 559 912 agere.
631 847 718 901 22.
756 848 872 898 Hoc
889 853 1088 900 tantum
1111 845 1279 908 addo,
1317 845 1459 912 leges
1476 847 1627 900 etiam
1646 846 1831 900 veteris
1851 846 2145 898 testamenti
2167 853 2289 896 tan-

394 931 506 975 tum
535 922 742 976 ludaeis
780 923 1025 976 revelatas
1062 931 1114 973 et
1150 924 1495 989 praescriptas
1522 923 1707 975 fuisse.
1780 925 1913 976 Nam
1949 937 2109 990 quum
2140 924 2287 974 Deus

394 1003 540 1068 ipsos
567 999 630 1052 ad
657 1000 970 1066 singularem
999 1001 1295 1055 societatem
1327 1008 1378 1051 et
1406 1001 1684 1066 imperium
1714 1001 2137 1055 constituendum
2170 1008 2290 1050 tau-

396 1084 508 1128 tum
529 1076 762 1142 elegerit,
798 1078 1090 1128 necessario
1115 1076 1407 1144 singulares
1436 1079 1591 1131 etiam
1619 1077 1758 1144 leges
1786 1077 1975 1136 habere
2004 1076 2285 1130 debebant.

395 1154 482 1206 An
510 1168 627 1206 vero
655 1153 770 1205 aliis
797 1154 949 1206 etiam
979 1153 1279 1209 nationibus
1294 1156 1441 1206 neus
1468 1154 1609 1220 leges
1628 1154 1911 1221 peculiares
1932 1157 2289 1222 praescripse-

397 1232 490 1291 rit,
529 1236 582 1282 et
615 1244 790 1282 earum
827 1230 1205 1294 legislatoribus
1242 1245 1359 1284 sese
1396 1231 1689 1298 prophetice
1717 1233 2043 1296 revolverit,
2094 1247 2287 1298 nempe

398 1307 500 1358 suh
538 1307 603 1358 iis
639 1305 929 1364 attribuunt,
969 1307 1158 1371 quibus
1197 1310 1365 1363 Deum
1402 1308 1671 1374 imaginari
1709 1309 1971 1372 solebant,
2010 1307 2140 1362 mihi
2180 1325 2287 1360 non

397 1383 523 1436 satis
559 1390 778 1436 constat.
849 1383 964 1435 Hoc
1001 1384 1181 1446 saitem
1218 1400 1277 1436 ex
1313 1386 1426 1451 ipsa
1454 1387 1716 1452 Scriptura
1755 1393 1920 1452 patet,
1962 1385 2091 1440 alias
2128 1387 2287 1438 etiam

394 1462 631 1512 nationes
661 1473 720 1512 ex
744 1459 841 1510 Dei
870 1458 1146 1532 directione
1174 1470 1376 1515 externa
1407 1460 1681 1528 imperinm
1711 1462 1959 1529 legesque
1995 1463 2289 1528 singulares
2345 1523 2346 1526 Ἰ

395 1536 659 1591 habuisse.
731 1537 820 1590 23.
856 1532 945 1584 Ad
979 1535 1115 1599 quod
1156 1539 1563 1601 ostendendum,
1605 1538 1711 1590 duo
1751 1547 1951 1596 tantum
1992 1540 2290 1606 Scripturae

395 1614 507 1666 loca
535 1612 782 1666 adferam.
855 1611 978 1674 Cap.
1006 1610 1092 1660 14.
1122 1611 1311 1664 GeneS.
1343 1628 1475 1668 vers.
1502 1616 1583 1668 18.
1610 1616 1692 1668 10.
1720 1617 1807 1670 20.
1838 1624 2099 1679 narratur,
2140 1617 2288 1682 quod

395 1687 739 1745 Malkitsedek
773 1700 859 1739 rex
894 1685 993 1738 fuit
1027 1686 1408 1761 Hierosolymae
1444 1698 1496 1743 et
1529 1693 1624 1745 Dei
1661 1691 1899 1747 altissimi
1935 1693 2191 1761 pontife13
2240 1702 2291 1747 et

397 1768 538 1833 quod
557 1764 875 1826 Abrahamo,
897 1768 957 1815 ut
980 1764 1064 1817 ius
1085 1768 1194 1815 erat
1212 1765 1461 1829 pontificis
1482 1769 1627 1837 (vide
1644 1772 1857 1825 Numeri
1878 1786 1989 1837 cap.
2004 1774 2056 1823 6.
2076 1786 2127 1823 v.
2142 1772 2232 1827 23.
2236 1773 2282 1839 ),
2347 1766 2348 1771 ’

396 1844 672 1907 benedixit,
713 1848 764 1892 et
781 1840 1008 1907 denique
1029 1840 1171 1905 qnod
1190 1838 1516 1897 Abrahamus
1534 1849 1627 1899 Dei
1648 1848 1867 1901 dilectus
1885 1848 2137 1901 decimam
2161 1864 2289 1915 par-

396 1928 500 1973 tem
524 1920 682 1971 totius
701 1916 920 1984 praedae
941 1916 1062 1970 huic
1080 1917 1182 1970 Dei
1200 1916 1426 1983 pontifici
1444 1918 1603 1973 dedit.
1672 1927 1756 1980 24.
1792 1925 1939 1989 Quae
1959 1918 2134 1978 omnia
2154 1927 2287 1977 saris

397 1995 704 2056 ostendunt,
736 1995 936 2057 Deum,
976 2000 1252 2059 antequam
1274 1999 1478 2067 gentem
1498 1999 1825 2053 israeliticam
1842 2001 2159 2063 condiderit,
2197 2018 2287 2053 re-

397 2086 488 2139 ges
516 2078 567 2123 et
592 2070 862 2138 pontifices
881 2072 934 2126 in
954 2070 1313 2137 Hierosolyma
1333 2072 1663 2127 constituisse
1677 2113 1692 2138 ,
1730 2077 1899 2142 iisque
1919 2080 2049 2131 ritus
2068 2085 2119 2131 et
2138 2080 2285 2145 leges

396 2149 826 2215 praescripsisse3
867 2163 932 2201 an
967 2161 1084 2200 vero
1121 2148 1445 2215 prophetice,
1485 2147 1565 2209 id,
1606 2152 1680 2201 uti
1718 2147 1965 2216 diximus,
2006 2170 2109 2210 non
2150 2158 2287 2208 satis

398 2231 618 2280 constat.
697 2227 814 2277 Hoc
846 2225 972 2278 mihi
1009 2224 1195 2276 saltem
1235 2224 1553 2291 persuadeo,
1606 2224 1989 2291 Abrahamum,
2044 2233 2173 2285 dnm
2210 2234 2287 2285 ibi

398 2303 546 2367 vixit,
573 2294 822 2369 religiose
858 2301 1149 2355 secundum
1191 2301 1306 2354 illas
1346 2301 1485 2365 leges
1523 2300 1727 2353 vixisse.
1796 2306 1927 2357 Nam
1956 2305 2286 2366 Abrahamus

399 2379 572 2434 nultos
599 2381 728 2445 ritus
757 2380 1131 2446 particulariter
1159 2394 1191 2429 a
1218 2379 1326 2428 Deo
1356 2377 1583 2445 accepit3
1624 2385 1675 2429 et
1702 2380 1859 2431 nihilo
1890 2383 2062 2446 minus
2100 2384 2289 2441 dicitur

399 2456 590 2515 Genes-
612 2470 727 2524 cap.
748 2457 834 2511 26.
857 2470 991 2509 vers.
1016 2456 1088 2517 5.,
1127 2453 1485 2506 abrahamum
1504 2452 1855 2511 observavisse
1871 2458 2097 2523 cultum,
2133 2472 2289 2527 prae-

400 2542 573 2603 cepta,
614 2534 850 2594 instituta
877 2541 928 2584 et
954 2533 1093 2597 leges
1120 2530 1243 2591 Dei,
1285 2530 1423 2595 quod
1454 2530 1566 2582 sine
1596 2530 1756 2590 dubio
1784 2534 2177 2601 intelligendum
2206 2548 2293 2589 est

398 2610 463 2663 de
508 2611 679 2673 cultu,
728 2608 1046 2681 praeceptis,
1093 2607 1349 2659 institutis
1398 2613 1448 2656 et
1484 2606 1687 2673 legibus
1733 2612 1865 2677 regis
1899 2611 2290 2668 Malkitsedeki.

396 2690 484 2745 25.
522 2686 803 2750 Malachias
832 2699 946 2753 cap.
968 2686 1016 2737 1.
1039 2697 1172 2737 vers.
1198 2682 1278 2735 10.
1304 2683 1389 2745 11.
1460 2684 1683 2739 Iudaeos
1712 2685 1793 2738 his
1826 2687 1995 2743 verbis
2024 2690 2289 2757 increpat·

499 2856 541 2906 )
577 2854 644 2897 Ad
663 2853 804 2897 vitam
824 2858 1062 2897 aeternam
1083 2864 1176 2898 non
1203 2852 1425 2898 sufficere
1442 2854 1494 2898 V.
1514 2854 1569 2898 Τ.
1590 2855 1809 2899 mandata
1838 2855 2117 2915 observare,
2156 2866 2295 2915 patet

400 2922 704 2978 exuare-1⁰,
729 2923 795 2965 21.
835 2914 916 2983 (ἓν
946 2932 1033 2967 σοι
1061 2911 1290 2985 ὑστερεῖ·
1327 2912 1529 2981 ὕπαγε,
1566 2913 1677 2967 ὅσοι
1702 2918 1831 2979 ἔχεις
1848 2916 2103 2986 πώλησον
2122 2940 2169 2972 κ.
2192 2921 2292 2980 δὸς

397 2996 508 3048 τοῖς
528 2994 780 3054 πτωχοῖς,
808 3010 850 3043 κ.
870 2990 991 3050 ἕξεις
1009 2990 1298 3063 θησαυρὸν
1316 2992 1369 3045 ἐν
1388 2988 1617 3065 οὐρανῷ,
1638 3013 1687 3045 κ.
1706 2992 1862 3067 defien
1882 2992 2180 3049 ἀκολούθει
2194 3018 2293 3059 μοι

398 3064 536 3139 ἄρας
553 3064 644 3118 τὸν
666 3066 944 3138 σταυρόν).
1017 3070 1104 3131 sp.
