2350 3475
347 142 432 201 22
743 146 1136 192 ‘rnac'rA'rUs
1176 144 1839 193 TnEoLoelco-Pomw.

348 325 552 386 dimus,
591 324 732 376 nulla
765 325 864 376 alia
893 324 1133 391 fingenda
1153 338 1323 391 neque
1342 324 1682 375 admittenda.
1753 324 1820 374 Et
1840 322 2083 389 quamvis
2102 322 2251 373 clare

346 402 696 467 intelligamus
709 442 722 463 ,
765 405 932 453 Deum
953 418 1109 468 posse
1130 402 1431 453 immediate
1448 416 1506 453 se
1525 400 1829 455 hominibus
1850 400 2249 452 communicare

345 479 498 545 (nam
535 480 695 531 nullis
731 480 916 530 mediis
944 479 1208 546 corporeis
1237 478 1482 530 adhibitis
1518 479 1679 529 menti
1716 483 1921 529 nostrae
1958 490 2110 527 suam
2154 491 2251 526 es-

346 558 570 608 sentiam
605 556 1017 618 communicat),
1057 562 1282 607 attamen
1314 563 1373 607 ut
1400 556 1554 606 homo
1580 555 1771 621 aliquis
1798 555 1906 606 sola
1936 561 2111 605 mente
2142 553 2251 603 ali-

347 648 450 699 qua
487 634 798 699 perciperet,
837 648 972 699 quae
999 634 1054 683 in
1084 633 1269 699 primis
1300 641 1505 683 nostrae
1540 633 1849 699 cognitionis
1882 630 2251 682 fundamentis

345 723 450 759 non
489 710 844 772 continentur,
884 724 980 761 nec
1015 708 1080 759 ab
1121 710 1188 760 iis
1224 709 1414 761 deduci
1454 717 1712 775 possunt,
1750 709 1867 760 eius
1902 720 2050 759 mens
2088 720 2251 773 prae-

349 786 564 837 stantior
593 788 888 837 necessario
916 793 1072 852 atque
1102 785 1331 837 humana
1359 786 1509 852 longe
1529 785 1853 838 excellentior
1868 798 1987 837 esse
2007 783 2247 835 deberet.

345 862 436 918 23.
473 863 646 925 Quare
675 877 778 913 non
807 862 962 914 credo
991 862 1158 914 ullum
1188 863 1345 914 alium
1376 864 1441 914 ad
1474 871 1665 915 tantam
1696 862 2061 929 perfectionem
2080 874 2251 927 supra

347 939 476 989 alios
496 941 792 1004 pervenisse
811 946 1010 1006 praeter
1027 940 1289 991 Christum
1302 979 1318 1001 ,
1358 941 1441 990 cui
1461 942 1557 991 Dei
1586 940 1775 1006 placita
1788 978 1805 1001 ,
1843 953 1977 1004 quae
1996 938 2247 989 homines

345 1014 412 1065 ad
433 1016 651 1067 salutem
671 1016 896 1078 ducunt,
938 1018 1052 1067 sinc
1072 1015 1242 1067 verbis
1262 1024 1354 1067 aut
1373 1016 1661 1068 visionibus
1677 1054 1692 1077 ,
1729 1016 1820 1066 sed
1841 1014 2139 1066 immediate
2159 1029 2251 1066 re-

345 1091 507 1142 velata
528 1101 680 1153 sunt:
703 1093 831 1143 adeo
852 1102 912 1143 ut
929 1096 1072 1144 Deus
1093 1107 1187 1158 per
1206 1100 1430 1143 mentem
1452 1094 1642 1145 Christi
1662 1106 1781 1143 sese
1801 1091 2049 1157 apostolis
2068 1093 2251 1141 mani-

345 1167 624 1231 festaverit,
647 1176 706 1221 ut
723 1170 847 1220 olim
865 1172 1003 1224 Moci
1025 1169 1285 1223 mediante
1310 1184 1433 1221 voce
1454 1174 1619 1221 aerea.
1693 1170 1761 1219 Et
1778 1168 1893 1219 ideo
1914 1182 2009 1220 vox
2026 1168 2246 1229 Christi,

346 1246 502 1297 sicuti
523 1246 640 1307 illa,
673 1262 830 1312 quam
853 1250 1034 1300 Moses
1051 1245 1325 1309 audiebat,
1363 1261 1457 1299 vox
1472 1247 1569 1299 Dei
1599 1246 1765 1299 vocari
1793 1252 1981 1312 potest.
2050 1245 2120 1297 Et
2148 1244 2252 1297 hoc

347 1336 510 1374 sensu
529 1326 682 1375 etiam
702 1324 876 1395 dicere
907 1338 1223 1391 possumus,
1262 1324 1569 1391 sapientiam
1588 1325 1715 1384 Dei,
1756 1323 1853 1374 hoc
1879 1330 1987 1384 est,
2028 1322 2250 1389 sapien-

344 1401 499 1463 tiam,
521 1415 656 1467 quae
678 1416 837 1467 supra
861 1402 1138 1453 humanam
1158 1407 1266 1464 est,
1295 1406 1529 1451 naturam
1553 1400 1828 1450 humanam
1851 1398 1903 1449 in
1926 1399 2129 1449 Christo
2152 1412 2250 1449 as—
2338 1412 2340 1423 ·

345 1479 640 1543 sumpsisse
660 1478 985 1529 etChristum
1005 1480 1137 1529 viam
1161 1478 1345 1528 salutis
1366 1476 1551 1527 fuisse.

449 1581 538 1635 24.
576 1580 770 1631 Verum
791 1594 997 1631 monere
1016 1578 1101 1629 hic
1122 1593 1337 1631 necesse
1358 1585 1463 1641 est,
1508 1592 1591 1629 me
1610 1579 1675 1630 de
1693 1579 1792 1639 iis,
1835 1593 1967 1644 quae
1986 1577 2251 1644 quaedam

348 1654 594 1706 ecclesiae
623 1655 689 1707 de
721 1655 924 1707 Christo
956 1662 1221 1717 statuunt,
1258 1669 1476 1721 prorsus
1502 1669 1607 1705 non
1638 1652 1811 1721 loqui,
1852 1669 2019 1727 neque
2046 1669 2107 1705 ea
2146 1670 2253 1705 ne-

346 1747 493 1798 gare;
543 1745 662 1782 nam
701 1730 920 1784 libenter
955 1730 1117 1784 fateor
1147 1747 1232 1785 me
1268 1747 1327 1783 ea
1363 1747 1469 1784 non
1506 1746 1703 1799 capere.
1777 1732 1923 1795 Quae
1961 1730 2116 1784 modo
2155 1732 2250 1782 ai*-

347 1809 574 1872 firmavi,
632 1824 690 1860 ex
739 1811 851 1876 ipsa
889 1809 1152 1876 Scriptura
1189 1811 1421 1860 coniicio.
1493 1811 1623 1860 Nam
1664 1809 1850 1861 nullibi
1886 1808 2009 1876 legi,
2070 1809 2248 1860 Deum
2342 1873 2344 1882 Ι

349 1885 553 1937 Christo
580 1887 884 1952 apparuisse
914 1893 1004 1938 aut
1032 1887 1266 1938 locutum
1300 1887 1493 1946 ruisse,
1535 1886 1627 1938 sed
1655 1888 1823 1939 Deum
1855 1900 1946 1952 per
1976 1886 2249 1940 Christum

348 1963 596 2028 apostolis
627 1964 904 2015 revelatum
933 1963 1122 2025 fuisse,
1165 1979 1392 2030 eumque
1422 1965 1553 2014 viam
1584 1963 1767 2014 salutis
1796 1977 1912 2014 csse
1945 1970 1994 2013 et
2014 1962 2249 2028 denique

347 2046 570 2090 veterem
599 2039 765 2106 legem
792 2055 885 2106 per
911 2040 1184 2106 angelum,
1227 2056 1331 2091 non
1362 2056 1480 2092 vero
1509 2055 1538 2091 a
1558 2041 1667 2091 Deo
1689 2039 1981 2090 immediate
2004 2039 2249 2090 traditam

347 2117 514 2168 fuisse
533 2123 633 2168 etc.
707 2119 910 2180 Quare,
952 2120 996 2168 si
1019 2119 1197 2169 Moses
1226 2132 1345 2168 cum
1366 2119 1477 2169 Deo
1509 2116 1574 2167 de
1605 2115 1731 2168 facie
1752 2116 1815 2166 ad
1841 2115 2047 2178 faciem,
2090 2124 2149 2166 ut
2172 2117 2254 2166 vir

349 2207 468 2245 cum
490 2197 630 2245 socio
651 2193 783 2246 solet
802 2194 928 2260 (boc
949 2200 1028 2244 est
1046 2193 1395 2245 mediantibus
1414 2192 1623 2244 duobus
1656 2192 2014 2260 corporibus),
2057 2192 2251 2258 loque-

345 2271 530 2338 batur3
569 2271 807 2322 Christus
826 2271 1040 2338 quidem
1061 2269 1124 2322 de
1157 2279 1331 2323 mente
1359 2271 1422 2322 ad
1454 2278 1681 2321 mentem
1712 2284 1831 2322 cum
1855 2271 1965 2321 Deo
1994 2284 2248 2321 commu-

349 2349 553 2400 nicavit.

449 2450 538 2503 25.
578 2449 882 2502 Asserimus
902 2453 1076 2517 itaque
1095 2457 1290 2517 praeter
1317 2451 1605 2511 Christum,
1652 2449 1911 2501 neminem
1931 2449 2033 2500 nisi
2052 2451 2251 2516 imagi-

348 2527 574 2579 nationis
601 2542 727 2594 ope,
768 2527 1001 2579 videlicet
1027 2543 1124 2594 ope
1160 2527 1437 2580 verborum
1476 2534 1567 2578 aut
1603 2527 1917 2592 imaginum,
1961 2527 2055 2577 Dei
2094 2542 2249 2579 reve—

243 2641 250 2651 .
346 2603 448 2655 lata
469 2606 732 2670 accepisse
747 2643 762 2666 ,
801 2613 957 2670 atque
977 2605 1106 2656 adeo
1126 2604 1192 2655 ad
1213 2603 1671 2671 prophetizandum
1690 2617 1795 2654 non
1816 2617 1933 2654 esse
1952 2617 2088 2669 opus
2110 2619 2247 2670 per-

348 2681 557 2732 fectiore
579 2688 780 2741 mente,
821 2681 915 2734 sed
937 2681 1183 2734 viridiore
1200 2681 1591 2746 imaginatione,
1634 2688 1693 2731 ut
1710 2681 1900 2732 clarius
1920 2681 1976 2730 in
1997 2685 2249 2746 sequenti

350 2758 516 2822 capite
546 2757 836 2808 ostendam.
909 2759 1008 2808 Hic
1038 2760 1141 2808 iam
1161 2757 1515 2821 quaerendum
1536 2762 1645 2818 est,
1684 2757 1932 2823 quidnam
1964 2769 2141 2810 sacrae
2176 2760 2247 2810 li-

351 2841 488 2884 terae
519 2834 806 2899 intelligant
841 2848 933 2900 per
969 2835 1211 2898 spiritum
1246 2835 1342 2886 Dei
1379 2834 1645 2901 prophetis
1686 2833 1947 2894 infusum,
1986 2832 2065 2884 vel
2100 2836 2247 2901 quod
2341 2897 2344 2910 Ι

349 2909 628 2977 prophetae
663 2925 723 2962 ex
747 2911 841 2961 Dei
879 2911 1066 2978 spin'tu
1105 2909 1478 2975 loquebantur-3
1518 2911 1585 2963 ad
1622 2911 1763 2977 quod
1800 2912 2243 2978 investigandum,

350 2996 704 3059 quaerendum
722 2997 868 3061 prius
885 3034 898 3055 ,
938 2994 1065 3059 quid
1085 2994 1341 3061 significat
1356 3010 1449 3048 vox
1465 2995 1701 3049 Hebraea
1722 3000 1841 3060 ΓΠἾ
1860 2997 2059 3062 magn,
2080 3011 2248 3064 quam

349 3080 535 3147 vulgus
553 3083 802 3148 spiritum
820 3081 1198 3146 interpretatur.
