2350 3475
381 152 462 211 36
773 154 1165 200 TRAGTATUS
1204 152 1605 199 'rm-:omelco
1618 180 1641 189 —
1652 153 1861 197 Pom'r.

381 332 482 385 fuit
502 334 712 385 vastatio
729 333 1114 399 Hierosolymae
1133 372 1147 395 ,
1182 346 1339 398 quam
1360 332 1511 382 etiam
1534 330 1672 381 idom
1695 346 1779 381 rex
1796 347 1855 383 ex
1872 331 2095 383 oraculis
2114 331 2279 383 intel-

381 411 502 463 lexit
527 417 580 463 et
613 426 670 461 ex
697 410 974 461 directione
1001 412 1331 476 sagittarum,
1375 422 1506 474 quas
1537 423 1747 461 sursum
1767 410 1820 459 in
1842 413 2007 462 aerem
2031 410 2274 475 proiecit.

384 488 654 555 Prophetis
685 486 900 550 deinde,
941 488 1032 553 qui
1061 486 1339 539 eredebant
1376 486 1613 537 homines
1642 501 1700 537 ex
1738 486 1897 538 libera
1935 486 2195 537 electione
2234 495 2278 537 et

383 566 589 631 propria
615 566 844 629 potentia
874 578 1022 631 agere
1036 602 1050 625 ,
1089 565 1233 616 Deus
1252 571 1311 615 ut
1326 564 1627 615 indifferens
1648 564 1964 615 revelabatur
1982 572 2033 616 et
2051 573 2112 615 ut
2130 564 2279 614 futu-

385 655 556 693 rarum
584 640 929 693 humanarum
960 642 1221 693 actionum
1253 642 1471 692 inseiuS.
1546 642 1694 705 Quae
1714 643 1885 693 omnia
1905 657 1963 694 ex
1998 644 2111 707 ipsa
2136 643 2281 693 Scri-

385 725 534 784 ptura
555 718 850 784 singulatim
871 720 973 769 iam
994 718 1485 771 demonstrabimus,

491 794 572 847 16.
613 796 846 847 Primum
883 796 1037 862 igitur
1073 802 1273 847 constat
1310 810 1369 847 ex
1404 795 1493 846 illo
1532 808 1654 846 casu
1690 796 1861 845 Elisae
1902 796 2044 863 (vide
2072 797 2277 860 Regum

383 870 478 921 lib.
508 873 562 923 2.
591 886 706 939 cap.
739 874 790 924 3.
821 886 868 924 v.
895 873 1040 941 15.),
1080 874 1203 939 qui,
1242 879 1298 922 ut
1331 870 1597 923 leboramo
1634 872 1979 939 prophetaret,
2022 888 2277 937 organum

386 949 559 1013 petiit,
600 964 695 1001 nec
721 951 815 1001 Dei
846 957 1070 1001 mentem
1102 950 1366 1016 percipere
1392 950 1590 1015 potuit,
1632 950 1732 999 nisi
1760 958 2039 1016 postquam
2077 951 2279 1000 musica

387 1027 565 1090 organi
607 1027 890 1079 delectatus
925 1027 1049 1085 suitz
1093 1034 1203 1076 tum
1244 1026 1455 1075 demum
1493 1027 1758 1077 Iehoramo
1794 1040 1914 1077 cum
1955 1027 2111 1078 sociis
2152 1027 2279 1077 laeta

387 1103 664 1168 praedixit,
705 1104 846 1171 quod
877 1110 1026 1154 antea
1053 1103 1350 1167 contingere
1379 1104 1610 1167 nequiit,
1656 1105 1775 1169 quia
1804 1105 1909 1169 regi
1946 1104 2108 1154 iratus
2139 1109 2274 1160 erat:

389 1187 440 1231 et
464 1180 556 1244 ‚qui
583 1181 637 1231 in
665 1181 891 1246 aliquem
919 1180 1031 1231 irati
1053 1186 1203 1244 sunt,
1246 1180 1349 1245 apti
1370 1181 1581 1244 quidem
1603 1188 1729 1231 sunt
1748 1180 1811 1231 ad
1832 1180 1993 1242 mala,
2037 1196 2139 1230 non
2164 1194 2279 1231 vero

388 1255 524 1308 bona
543 1256 608 1307 de
626 1257 815 1309 iisdem
836 1257 1249 1323 imaginandum.
1308 1258 1391 1308 17.
1424 1256 1574 1319 Quod
1598 1266 1767 1308 autem
1788 1258 1873 1309 alii
1894 1258 2060 1308 dicere
2081 1258 2279 1317 volunt,
2338 1254 2340 1307 Ξ

389 1337 558 1387 Deum
588 1336 732 1385 iratis
761 1343 812 1385 et
839 1334 1074 1386 tristibus
1107 1350 1212 1386 non
1238 1333 1477 1394 revelari,
1517 1334 1552 1384 ii
1582 1335 1794 1398 quidem
1834 1337 2122 1399 somniant3
2162 1349 2281 1384 narn

390 1413 534 1463 Deus
551 1413 688 1464 Mosi
709 1412 761 1463 in
784 1411 1104 1463 Pharaonem
1126 1413 1255 1462 irato
1275 1410 1511 1462 revelavit
1530 1412 1771 1463 miseram
1796 1412 1935 1463 illam
1958 1412 2278 1478 primogeni-

390 1497 563 1540 torum
592 1495 814 1555 stragem
844 1488 987 1556 (vide
1016 1488 1180 1540 Exodi
1210 1501 1324 1553 cap.
1349 1488 1431 1538 11.
1462 1502 1511 1539 v.
1532 1488 1643 1555 8.)‚
1688 1488 1845 1553 idque
1878 1488 2021 1540 nullo
2048 1488 2281 1540 adhibito
2340 1522 2343 1543 .

393 1581 604 1631 organo.
674 1566 845 1616 Raino
881 1566 1036 1617 etiam
1073 1565 1260 1615 furenti
1298 1566 1442 1615 Deus
1490 1564 1745 1617 revelatus
1781 1566 1952 1633 est*).
2024 1564 2282 1615 Ezechieli

395 1657 515 1709 prae
544 1644 617 1692 ira
644 1642 937 1706 impatienti
961 1642 1170 1692 miseria
1202 1648 1253 1691 et
1278 1642 1597 1692 contumacia
1619 1642 1929 1693 Iudaeorum
1953 1642 2167 1693 revelata
2189 1642 2286 1691 fuit

393 1718 533 1784 (vide
549 1717 834 1770 Ezechielis
855 1732 968 1785 cap.
986 1718 1039 1770 3.
1062 1732 1105 1770 v.
1122 1720 1232 1782 14.)
1247 1759 1260 1780 ,
1294 1723 1346 1770 et
1362 1718 1607 1770 Ieremias
1626 1721 2008 1772 moestissimus
2028 1727 2079 1771 et
2099 1734 2286 1784 magno

397 1798 525 1848 vitae
557 1796 723 1848 taedio
759 1804 942 1862 eaptus
978 1797 1293 1848 calamitates
1321 1795 1631 1847 Iudaeorum
1668 1799 2015 1865 prophetavit3
2059 1797 2189 1848 adeo
2226 1803 2284 1846 ut

395 1874 558 1925 [osias
587 1886 707 1924 eum
737 1873 1006 1924 consulere
1035 1874 1283 1938 noluerit,
1324 1873 1416 1925 sed
1438 1873 1684 1926 feminam
1706 1877 1754 1927 ei
1776 1883 2281 1940 contemporaneum,

398 1958 574 2016 utpote
591 1964 726 2015 quae
743 1964 804 2001 ex
823 1951 1028 2016 ingenio
1052 1951 1296 2002 muliebri
1318 1953 1484 2016 magis
1503 1959 1619 2018 apta
1640 1960 1779 2014 erat,
1817 1958 1876 2003 ut
1896 1952 1942 2003 ei
1960 1952 2056 2002 Dei
2080 1953 2287 2002 miseri-

399 2027 614 2079 ricordia
654 2028 972 2080 revelaretur.
1046 2028 1176 2079 Vide
1212 2028 1432 2094 Paralip.
1474 2027 1565 2079 lib.
1602 2031 1656 2084 2.
1696 2043 1808 2096 cap.
1840 2031 1925 2081 34.
1966 2043 2013 2080 v.
2042 2031 2129 2083 22.
2164 2043 2286 2094 sqq.

401 2105 486 2156 18.
526 2105 788 2157 Michaeas
815 2107 970 2156 etiam
997 2119 1267 2172 nunquam
1289 2105 1503 2157 Achabo
1534 2105 1727 2172 aliquid
1758 2105 1913 2167 boni,
1944 2106 2084 2171 quod
2115 2113 2288 2155 tamen

399 2183 484 2233 alii
514 2183 616 2233 veri
657 2183 936 2248 prophetae
971 2183 1233 2244 fecerunt,
1271 2189 1332 2233 ut
1358 2190 1496 2248 patet
1521 2197 1581 2232 ex
1604 2184 1805 2247 Regum
1828 2182 1922 2234 lib.
1946 2184 1998 2234 1.
2028 2197 2144 2248 cap.
2176 2182 2287 2242 2⁰„

401 2259 494 2311 sed
522 2261 616 2310 toti
647 2259 761 2310 eius
789 2261 920 2311 vitae
957 2260 1089 2311 mala
1126 2259 1464 2327 prophetavit.
1536 2259 1667 2310 Vide
1698 2261 1721 2310 1
1746 2262 1874 2326 Reg.
1896 2274 2009 2326 cap.
2030 2261 2117 2314 22.
2140 2273 2191 2310 v.
2212 2261 2286 2319 8.,

401 2346 454 2388 et
472 2336 660 2388 clarius
680 2337 732 2386 in
761 2339 796 2390 2
814 2336 1035 2404 Paralip.
1059 2351 1172 2403 cap.
1199 2336 1282 2388 18.
1312 2352 1360 2387 v.
1393 2339 1445 2388 7.
1516 2335 1799 2402 Prophetae
1828 2339 2001 2402 itaque
2028 2351 2122 2402 pro
2154 2338 2291 2386 vario

404 2415 634 2481 eorporis
655 2421 1058 2479 temperamento
1088 2417 1254 2480 magis
1283 2414 1345 2464 ad
1374 2415 1497 2477 has,
1538 2427 1693 2478 quam
1715 2413 1777 2464 ad
1796 2415 1921 2464 illas
1956 2413 2292 2464 revelationes

311 2565 314 2568 ὴ
405 2500 552 2543 erant
571 2492 696 2558 apti.
773 2491 858 2542 19.
897 2491 1071 2558 stylus
1091 2491 1277 2542 deinde
1297 2490 1591 2556 prophetiae
1611 2503 1703 2555 pro
1724 2491 2010 2556 eloquentia
2032 2491 2293 2556 cuiusque

408 2569 685 2636 prophetae
711 2567 954 2619 variabat.
1028 2567 1335 2634 Prophetiae
1366 2569 1503 2618 enim
1530 2567 1812 2619 Ezechielis
1850 2575 1901 2619 et
1928 2566 2141 2618 Amosis
2186 2582 2292 2618 non

409 2651 565 2708 sunt,
622 2652 684 2696 ut
719 2645 832 2696 illae
865 2645 1051 2696 Esaiae
1087 2659 1139 2696 et
1174 2643 1428 2695 Nachurni
1468 2643 1722 2708 eleganti,
1778 2645 1871 2696 sed
1908 2643 2121 2695 rudiore
2160 2645 2294 2711 stylo

410 2724 648 2789 scriptae.
722 2722 790 2772 Et
815 2723 861 2772 si
885 2723 1002 2787 quis
1018 2761 1031 2783 ‚
1073 2723 1165 2787 qui
1184 2711 1412 2786 linguam
1435 2720 1740 2773 Hebraicam
1761 2721 1937 2783 callet,
1972 2721 2098 2773 haec
2117 2724 2297 2772 curio-

410 2800 522 2850 sius
545 2799 803 2865 inspicere
827 2799 975 2863 velit,
1013 2797 1244 2848 conserat
1277 2797 1593 2849 diversorum
1630 2798 1995 2864 prophetarum
2035 2799 2293 2863 quaedam

411 2875 477 2927 ad
504 2876 717 2926 invicem
749 2876 940 2940 capita,
972 2889 1105 2941 quae
1134 2875 1369 2926 eiusdem
1389 2881 1514 2926 sunt
1531 2877 1845 2942 argumenti,
1878 2883 1929 2926 et
1946 2890 2188 2943 magnam
2214 2891 2298 2927 re·-

418 2954 580 3020 periet
603 2953 656 3002 in
685 2950 816 3017 stylo
835 2952 1253 3019 discrepantiam.
1326 2951 1566 3005 Conferat
1584 2953 1697 3005 scil.
1722 2967 1837 3020 cap.
1862 2955 1909 3004 1.
1933 2953 2086 3004 aulici
2106 2955 2298 3005 Esaiae
2342 2943 2344 2948 ’

517 3114 560 3164 ·)
593 3111 693 3155 vid.
715 3109 829 3156 Θου.
849 3115 889 3162 t,
907 3115 948 3156 ὅ.
967 3125 1041 3171 aq.

2338 1418 2343 1495 4Ι
