<?xml version="1.0" encoding="UTF-8"?>
<!DOCTYPE html PUBLIC "-//W3C//DTD XHTML 1.0 Transitional//EN"
    "http://www.w3.org/TR/xhtml1/DTD/xhtml1-transitional.dtd">
<html xmlns="http://www.w3.org/1999/xhtml" xml:lang="en" lang="en">
 <head>
  <title>
</title>
<meta http-equiv="Content-Type" content="text/html;charset=utf-8" />
  <meta name='ocr-system' content='tesseract 3.04.00' />
  <meta name='ocr-capabilities' content='ocr_page ocr_carea ocr_par ocr_line ocrx_word'/>
</head>
<body>
  <div class='ocr_page' id='page_1' title='image "benedictidespin03brudgoog_0165.png"; bbox 0 0 2350 3475; ppageno 0'>
   <div class='ocr_carea' id='block_1_1' title="bbox 884 64 1962 135">
    <p class='ocr_par' dir='ltr' id='par_1_1' title="bbox 884 64 1962 135">
     <span class='ocr_line' id='line_1_1' title="bbox 884 64 1962 135; baseline 0.008 -11"><span class='ocrx_word' id='word_1_1' title='bbox 884 76 1023 125; x_wconf 70' lang='lat' dir='ltr'>car.</span> <span class='ocrx_word' id='word_1_2' title='bbox 1076 76 1168 125; x_wconf 66' lang='grc' dir='ltr'>ιι.</span> <span class='ocrx_word' id='word_1_3' title='bbox 1844 64 1962 135; x_wconf 73' lang='lat'>&#39;14¹</span> 
     </span>
    </p>
   </div>
   <div class='ocr_carea' id='block_1_2' title="bbox 86 252 1974 1017">
    <p class='ocr_par' dir='ltr' id='par_1_2' title="bbox 86 252 1974 1017">
     <span class='ocr_line' id='line_1_2' title="bbox 87 252 1967 324; baseline -0.002 -13"><span class='ocrx_word' id='word_1_4' title='bbox 87 264 139 311; x_wconf 83' lang='lat' dir='ltr'>et</span> <span class='ocrx_word' id='word_1_5' title='bbox 154 254 469 324; x_wconf 80' lang='lat' dir='ltr'>descriptam</span> <span class='ocrx_word' id='word_1_6' title='bbox 490 268 607 307; x_wconf 83' lang='lat' dir='ltr'>esse</span> <span class='ocrx_word' id='word_1_7' title='bbox 624 256 918 307; x_wconf 78' lang='lat' dir='ltr'>necessario</span> <span class='ocrx_word' id='word_1_8' title='bbox 936 252 1201 308; x_wconf 78' lang='lat' dir='ltr'>fatendum</span> <span class='ocrx_word' id='word_1_9' title='bbox 1221 261 1326 318; x_wconf 76' lang='lat' dir='ltr'>est:</span> <span class='ocrx_word' id='word_1_10' title='bbox 1367 254 1492 307; x_wconf 89' lang='lat' dir='ltr'>adeo</span> <span class='ocrx_word' id='word_1_11' title='bbox 1511 268 1694 322; x_wconf 86' lang='lat' dir='ltr'>parum</span> <span class='ocrx_word' id='word_1_12' title='bbox 1715 254 1816 308; x_wconf 86' lang='lat' dir='ltr'>sihi</span> <span class='ocrx_word' id='word_1_13' title='bbox 1834 270 1967 309; x_wconf 85' lang='lat' dir='ltr'>con-</span> 
     </span>
     <span class='ocr_line' id='line_1_3' title="bbox 88 332 1968 401; baseline 0.001 -16"><span class='ocrx_word' id='word_1_14' title='bbox 88 342 221 387; x_wconf 85' lang='lat' dir='ltr'>stare</span> <span class='ocrx_word' id='word_1_15' title='bbox 240 334 503 387; x_wconf 78' lang='lat' dir='ltr'>videmus.</span> <span class='ocrx_word' id='word_1_16' title='bbox 577 334 700 399; x_wconf 87' lang='lat' dir='ltr'>Cap.</span> <span class='ocrx_word' id='word_1_17' title='bbox 716 333 853 384; x_wconf 90' lang='lat' dir='ltr'>enim</span> <span class='ocrx_word' id='word_1_18' title='bbox 873 332 957 384; x_wconf 81' lang='lat'>4⁷.</span> <span class='ocrx_word' id='word_1_19' title='bbox 980 332 1171 386; x_wconf 84' lang='lat' dir='ltr'>Genes.</span> <span class='ocrx_word' id='word_1_20' title='bbox 1194 340 1384 396; x_wconf 82' lang='lat' dir='ltr'>narrat,</span> <span class='ocrx_word' id='word_1_21' title='bbox 1407 332 1544 399; x_wconf 84' lang='lat' dir='ltr'>quod</span> <span class='ocrx_word' id='word_1_22' title='bbox 1563 333 1786 385; x_wconf 87' lang='lat' dir='ltr'>lahacob</span> <span class='ocrx_word' id='word_1_23' title='bbox 1805 348 1968 401; x_wconf 89' lang='lat' dir='ltr'>quum</span> 
     </span>
     <span class='ocr_line' id='line_1_4' title="bbox 88 408 1968 479; baseline -0.001 -15"><span class='ocrx_word' id='word_1_24' title='bbox 88 412 315 479; x_wconf 76' lang='lat' dir='ltr'>primum</span> <span class='ocrx_word' id='word_1_25' title='bbox 334 410 690 461; x_wconf 85' lang='lat' dir='ltr'>Pharahonem</span> <span class='ocrx_word' id='word_1_26' title='bbox 718 408 937 461; x_wconf 77' lang='lat' dir='ltr'>ducente</span> <span class='ocrx_word' id='word_1_27' title='bbox 956 411 1175 478; x_wconf 86' lang='lat' dir='ltr'>losepho</span> <span class='ocrx_word' id='word_1_28' title='bbox 1205 410 1471 472; x_wconf 79' lang='lat' dir='ltr'>salutavit,</span> <span class='ocrx_word' id='word_1_29' title='bbox 1510 411 1794 464; x_wconf 83' lang='lat' dir='ltr'>annos130</span> <span class='ocrx_word' id='word_1_30' title='bbox 1817 418 1968 463; x_wconf 83' lang='lat' dir='ltr'>natus</span> 
     </span>
     <span class='ocr_line' id='line_1_5' title="bbox 88 485 1968 555; baseline -0.001 -16"><span class='ocrx_word' id='word_1_31' title='bbox 88 496 217 550; x_wconf 87' lang='lat' dir='ltr'>erat,</span> <span class='ocrx_word' id='word_1_32' title='bbox 255 502 285 539; x_wconf 88' lang='lat' dir='ltr'>a</span> <span class='ocrx_word' id='word_1_33' title='bbox 306 485 503 555; x_wconf 83' lang='lat' dir='ltr'>quihus</span> <span class='ocrx_word' id='word_1_34' title='bbox 522 486 569 539; x_wconf 89' lang='lat' dir='ltr'>si</span> <span class='ocrx_word' id='word_1_35' title='bbox 587 487 886 539; x_wconf 81' lang='lat' dir='ltr'>auferantur</span> <span class='ocrx_word' id='word_1_36' title='bbox 900 488 1078 555; x_wconf 75' lang='lat' dir='ltr'>viginti</span> <span class='ocrx_word' id='word_1_37' title='bbox 1098 488 1221 551; x_wconf 88' lang='lat' dir='ltr'>duo,</span> <span class='ocrx_word' id='word_1_38' title='bbox 1263 502 1396 553; x_wconf 84' lang='lat' dir='ltr'>quos</span> <span class='ocrx_word' id='word_1_39' title='bbox 1414 493 1622 554; x_wconf 86' lang='lat' dir='ltr'>propter</span> <span class='ocrx_word' id='word_1_40' title='bbox 1639 488 1845 555; x_wconf 81' lang='lat' dir='ltr'>losephi</span> <span class='ocrx_word' id='word_1_41' title='bbox 1866 485 1968 539; x_wconf 89' lang='lat' dir='ltr'>ah·-</span> 
     </span>
     <span class='ocr_line' id='line_1_6' title="bbox 86 564 1970 632; baseline 0 -15"><span class='ocrx_word' id='word_1_42' title='bbox 86 567 312 618; x_wconf 84' lang='lat' dir='ltr'>sentiam</span> <span class='ocrx_word' id='word_1_43' title='bbox 340 566 399 615; x_wconf 91' lang='lat' dir='ltr'>in</span> <span class='ocrx_word' id='word_1_44' title='bbox 426 578 659 617; x_wconf 82' lang='lat' dir='ltr'>moerore</span> <span class='ocrx_word' id='word_1_45' title='bbox 685 564 934 632; x_wconf 74' lang='lat' dir='ltr'><strong>transegit</strong></span> <span class='ocrx_word' id='word_1_46' title='bbox 948 602 961 627; x_wconf 94' lang='lat'>,</span> <span class='ocrx_word' id='word_1_47' title='bbox 1000 572 1051 617; x_wconf 90' lang='lat' dir='ltr'>et</span> <span class='ocrx_word' id='word_1_48' title='bbox 1086 572 1346 631; x_wconf 86' lang='lat' dir='ltr'>praeterea</span> <span class='ocrx_word' id='word_1_49' title='bbox 1383 564 1754 632; x_wconf 74' lang='lat' dir='ltr'>septemdecim</span> <span class='ocrx_word' id='word_1_50' title='bbox 1791 565 1970 617; x_wconf 85' lang='lat' dir='ltr'>aetatis</span> 
     </span>
     <span class='ocr_line' id='line_1_7' title="bbox 89 640 1972 711; baseline 0.001 -18"><span class='ocrx_word' id='word_1_51' title='bbox 89 642 302 711; x_wconf 77' lang='lat' dir='ltr'>Iosephi</span> <span class='ocrx_word' id='word_1_52' title='bbox 332 654 497 709; x_wconf 82' lang='lat' dir='ltr'>quum</span> <span class='ocrx_word' id='word_1_53' title='bbox 526 640 859 704; x_wconf 75' lang='lat' dir='ltr'>venderetur,</span> <span class='ocrx_word' id='word_1_54' title='bbox 901 649 951 695; x_wconf 87' lang='lat' dir='ltr'>ct</span> <span class='ocrx_word' id='word_1_55' title='bbox 969 641 1196 708; x_wconf 81' lang='lat' dir='ltr'>denique</span> <span class='ocrx_word' id='word_1_56' title='bbox 1215 650 1444 709; x_wconf 84' lang='lat' dir='ltr'>septem,</span> <span class='ocrx_word' id='word_1_57' title='bbox 1482 655 1618 708; x_wconf 87' lang='lat' dir='ltr'>quos</span> <span class='ocrx_word' id='word_1_58' title='bbox 1638 648 1845 711; x_wconf 87' lang='lat' dir='ltr'>propter</span> <span class='ocrx_word' id='word_1_59' title='bbox 1862 643 1972 694; x_wconf 81' lang='lat' dir='ltr'>Ra-</span> 
     </span>
     <span class='ocr_line' id='line_1_8' title="bbox 90 718 1966 786; baseline 0 -15"><span class='ocrx_word' id='word_1_60' title='bbox 90 720 293 771; x_wconf 86' lang='lat' dir='ltr'>chelcm</span> <span class='ocrx_word' id='word_1_61' title='bbox 322 718 557 780; x_wconf 82' lang='lat' dir='ltr'>servivit,</span> <span class='ocrx_word' id='word_1_62' title='bbox 595 719 881 784; x_wconf 87' lang='lat' dir='ltr'>reperietur</span> <span class='ocrx_word' id='word_1_63' title='bbox 905 720 1078 786; x_wconf 85' lang='lat' dir='ltr'>ipsum</span> <span class='ocrx_word' id='word_1_64' title='bbox 1115 720 1533 786; x_wconf 83' lang='lat' dir='ltr'>provectissimae</span> <span class='ocrx_word' id='word_1_65' title='bbox 1570 720 1751 771; x_wconf 84' lang='lat' dir='ltr'>aetatis</span> <span class='ocrx_word' id='word_1_66' title='bbox 1786 718 1966 784; x_wconf 81' lang='lat' dir='ltr'>fuisse,</span> 
     </span>
     <span class='ocr_line' id='line_1_9' title="bbox 92 794 1974 863; baseline 0.001 -16"><span class='ocrx_word' id='word_1_67' title='bbox 92 796 347 862; x_wconf 75' lang='lat' dir='ltr'>octoginta</span> <span class='ocrx_word' id='word_1_68' title='bbox 369 794 567 847; x_wconf 79' lang='lat' dir='ltr'>scilicet</span> <span class='ocrx_word' id='word_1_69' title='bbox 584 802 633 847; x_wconf 88' lang='lat' dir='ltr'>et</span> <span class='ocrx_word' id='word_1_70' title='bbox 652 803 875 862; x_wconf 83' lang='lat' dir='ltr'>quatuor</span> <span class='ocrx_word' id='word_1_71' title='bbox 893 810 1167 859; x_wconf 68' lang='lat' dir='ltr'>annorum,</span> <span class='ocrx_word' id='word_1_72' title='bbox 1209 810 1372 863; x_wconf 82' lang='lat' dir='ltr'>quum</span> <span class='ocrx_word' id='word_1_73' title='bbox 1391 798 1547 849; x_wconf 84' lang='lat' dir='ltr'>Leam</span> <span class='ocrx_word' id='word_1_74' title='bbox 1567 796 1620 848; x_wconf 89' lang='lat' dir='ltr'>in</span> <span class='ocrx_word' id='word_1_75' title='bbox 1639 811 1850 851; x_wconf 84' lang='lat' dir='ltr'>uxorem</span> <span class='ocrx_word' id='word_1_76' title='bbox 1871 796 1974 849; x_wconf 86' lang='lat' dir='ltr'>du-</span> 
     </span>
     <span class='ocr_line' id='line_1_10' title="bbox 91 872 1974 941; baseline 0.001 -17"><span class='ocrx_word' id='word_1_77' title='bbox 91 881 243 937; x_wconf 87' lang='lat' dir='ltr'>ceret,</span> <span class='ocrx_word' id='word_1_78' title='bbox 260 879 314 925; x_wconf 86' lang='lat' dir='ltr'>et</span> <span class='ocrx_word' id='word_1_79' title='bbox 330 879 507 926; x_wconf 84' lang='lat' dir='ltr'>eontra</span> <span class='ocrx_word' id='word_1_80' title='bbox 525 872 713 925; x_wconf 75' lang='lat' dir='ltr'>ninam</span> <span class='ocrx_word' id='word_1_81' title='bbox 730 874 806 926; x_wconf 81' lang='lat' dir='ltr'>vix</span> <span class='ocrx_word' id='word_1_82' title='bbox 824 881 1025 941; x_wconf 80' lang='lat' dir='ltr'>septem</span> <span class='ocrx_word' id='word_1_83' title='bbox 1039 875 1206 927; x_wconf 80' lang='lat' dir='ltr'>fuisse</span> <span class='ocrx_word' id='word_1_84' title='bbox 1219 888 1490 937; x_wconf 86' lang='lat' dir='ltr'>annorum,</span> <span class='ocrx_word' id='word_1_85' title='bbox 1507 887 1668 940; x_wconf 80' lang='lat' dir='ltr'>quum</span> <span class='ocrx_word' id='word_1_86' title='bbox 1683 890 1712 926; x_wconf 87' lang='lat' dir='ltr'>a</span> <span class='ocrx_word' id='word_1_87' title='bbox 1723 874 1974 928; x_wconf 85' lang='lat' dir='ltr'>Sechemo</span> 
     </span>
     <span class='ocr_line' id='line_1_11' title="bbox 92 948 1971 1017; baseline 0.001 -14"><span class='ocrx_word' id='word_1_88' title='bbox 92 952 196 1003; x_wconf 76' lang='lat' dir='ltr'>vim</span> <span class='ocrx_word' id='word_1_89' title='bbox 212 963 371 1017; x_wconf 79' lang='lat' dir='ltr'>passa</span> <span class='ocrx_word' id='word_1_90' title='bbox 390 948 526 1013; x_wconf 71' lang='lat' dir='ltr'>est‘)</span> <span class='ocrx_word' id='word_1_91' title='bbox 538 986 555 1012; x_wconf 89' lang='lat'>‚</span> <span class='ocrx_word' id='word_1_92' title='bbox 593 949 803 1003; x_wconf 86' lang='lat' dir='ltr'>Simeon</span> <span class='ocrx_word' id='word_1_93' title='bbox 832 957 1003 1005; x_wconf 84' lang='lat' dir='ltr'>autem</span> <span class='ocrx_word' id='word_1_94' title='bbox 1035 958 1087 1004; x_wconf 89' lang='lat' dir='ltr'>et</span> <span class='ocrx_word' id='word_1_95' title='bbox 1102 952 1227 1005; x_wconf 83' lang='lat' dir='ltr'>Levi</span> <span class='ocrx_word' id='word_1_96' title='bbox 1246 952 1326 1004; x_wconf 77' lang='lat' dir='ltr'>vix</span> <span class='ocrx_word' id='word_1_97' title='bbox 1344 950 1622 1003; x_wconf 86' lang='lat' dir='ltr'>duodecim</span> <span class='ocrx_word' id='word_1_98' title='bbox 1641 958 1693 1004; x_wconf 92' lang='lat' dir='ltr'>et</span> <span class='ocrx_word' id='word_1_99' title='bbox 1711 950 1971 1015; x_wconf 78' lang='lat' dir='ltr'>undecim,</span> 
     </span>
    </p>
   </div>
   <div class='ocr_carea' id='block_1_3' title="bbox 94 1071 441 1084">
    <p class='ocr_par' dir='ltr' id='par_1_3' title="bbox 94 1071 441 1084">
     <span class='ocr_line' id='line_1_12' title="bbox 94 1071 441 1084; baseline 0 2391"><span class='ocrx_word' id='word_1_100' title='bbox 94 1071 441 1084; x_wconf 95' lang='lat' dir='ltr'> </span> 
     </span>
    </p>
   </div>
   <div class='ocr_carea' id='block_1_4' title="bbox 96 1134 1985 1793">
    <p class='ocr_par' dir='ltr' id='par_1_4' title="bbox 96 1134 1985 1793">
     <span class='ocr_line' id='line_1_13' title="bbox 191 1134 1984 1195; baseline -0.001 -13"><span class='ocrx_word' id='word_1_101' title='bbox 191 1138 233 1189; x_wconf 79' lang='grc'>·)</span> <span class='ocrx_word' id='word_1_102' title='bbox 272 1135 394 1182; x_wconf 74' lang='lat' dir='ltr'>Nam</span> <span class='ocrx_word' id='word_1_103' title='bbox 420 1134 548 1193; x_wconf 82' lang='lat' dir='ltr'>quod</span> <span class='ocrx_word' id='word_1_104' title='bbox 566 1134 759 1193; x_wconf 85' lang='lat' dir='ltr'>quidam</span> <span class='ocrx_word' id='word_1_105' title='bbox 788 1139 849 1190; x_wconf 77' lang='lat' dir='ltr'>(v.</span> <span class='ocrx_word' id='word_1_106' title='bbox 870 1148 913 1183; x_wconf 88' lang='lat' dir='ltr'>c.</span> <span class='ocrx_word' id='word_1_107' title='bbox 937 1137 1068 1183; x_wconf 80' lang='lat' dir='ltr'>Aben</span> <span class='ocrx_word' id='word_1_108' title='bbox 1088 1136 1300 1194; x_wconf 73' lang='lat' dir='ltr'>ngzra)</span> <span class='ocrx_word' id='word_1_109' title='bbox 1319 1141 1511 1195; x_wconf 87' lang='lat' dir='ltr'>putant,</span> <span class='ocrx_word' id='word_1_110' title='bbox 1549 1136 1775 1183; x_wconf 85' lang='lat' dir='ltr'>Iacobum</span> <span class='ocrx_word' id='word_1_111' title='bbox 1795 1139 1820 1180; x_wconf 81' lang='lat'><strong>8</strong></span> <span class='ocrx_word' id='word_1_112' title='bbox 1839 1136 1912 1183; x_wconf 79' lang='lat' dir='ltr'>vel</span> <span class='ocrx_word' id='word_1_113' title='bbox 1933 1140 1984 1181; x_wconf 79' lang='lat' dir='ltr'>to</span> 
     </span>
     <span class='ocr_line' id='line_1_14' title="bbox 98 1194 1983 1254; baseline 0.001 -14"><span class='ocrx_word' id='word_1_114' title='bbox 98 1208 245 1241; x_wconf 82' lang='lat' dir='ltr'>annos</span> <span class='ocrx_word' id='word_1_115' title='bbox 277 1195 399 1240; x_wconf 87' lang='lat' dir='ltr'>inter</span> <span class='ocrx_word' id='word_1_116' title='bbox 426 1194 817 1251; x_wconf 72' lang='lat' dir='ltr'>mesopotamiam</span> <span class='ocrx_word' id='word_1_117' title='bbox 846 1203 894 1242; x_wconf 91' lang='lat' dir='ltr'>et</span> <span class='ocrx_word' id='word_1_118' title='bbox 918 1196 1047 1242; x_wconf 84' lang='lat' dir='ltr'>Betel</span> <span class='ocrx_word' id='word_1_119' title='bbox 1085 1196 1479 1254; x_wconf 78' lang='lat' dir='ltr'>peregrinavisse,</span> <span class='ocrx_word' id='word_1_120' title='bbox 1516 1195 1762 1242; x_wconf 77' lang='lat' dir='ltr'>stultitiam</span> <span class='ocrx_word' id='word_1_121' title='bbox 1801 1196 1983 1242; x_wconf 87' lang='lat' dir='ltr'>redolet</span> 
     </span>
     <span class='ocr_line' id='line_1_15' title="bbox 96 1255 1981 1313; baseline 0.001 -13"><span class='ocrx_word' id='word_1_122' title='bbox 96 1256 171 1308; x_wconf 89' lang='grc' dir='ltr'><strong>(Β.</strong></span> <span class='ocrx_word' id='word_1_123' title='bbox 192 1256 329 1301; x_wconf 79' lang='lat' dir='ltr'>add-x</span> <span class='ocrx_word' id='word_1_124' title='bbox 368 1255 494 1312; x_wconf 85' lang='lat' dir='ltr'>quod</span> <span class='ocrx_word' id='word_1_125' title='bbox 524 1266 641 1311; x_wconf 88' lang='lat' dir='ltr'>pace</span> <span class='ocrx_word' id='word_1_126' title='bbox 655 1256 788 1301; x_wconf 80' lang='lat' dir='ltr'>Ahen</span> <span class='ocrx_word' id='word_1_127' title='bbox 809 1257 1020 1313; x_wconf 74' lang='lat' dir='ltr'>flgezrae</span> <span class='ocrx_word' id='word_1_128' title='bbox 1046 1256 1279 1309; x_wconf 83' lang='lat' dir='ltr'>dixerim).</span> <span class='ocrx_word' id='word_1_129' title='bbox 1333 1256 1454 1302; x_wconf 78' lang='lat' dir='ltr'>Nam</span> <span class='ocrx_word' id='word_1_130' title='bbox 1473 1267 1568 1300; x_wconf 87' lang='lat' dir='ltr'>non</span> <span class='ocrx_word' id='word_1_131' title='bbox 1589 1261 1768 1302; x_wconf 89' lang='lat' dir='ltr'>tantum</span> <span class='ocrx_word' id='word_1_132' title='bbox 1789 1261 1981 1313; x_wconf 86' lang='lat' dir='ltr'>propter</span> 
     </span>
     <span class='ocr_line' id='line_1_16' title="bbox 96 1314 1981 1372; baseline 0.001 -12"><span class='ocrx_word' id='word_1_133' title='bbox 96 1314 403 1371; x_wconf 79' lang='lat' dir='ltr'>desiderium,</span> <span class='ocrx_word' id='word_1_134' title='bbox 432 1324 529 1371; x_wconf 85' lang='lat' dir='ltr'>quo</span> <span class='ocrx_word' id='word_1_135' title='bbox 546 1316 648 1361; x_wconf 87' lang='lat' dir='ltr'>sine</span> <span class='ocrx_word' id='word_1_136' title='bbox 668 1316 813 1363; x_wconf 88' lang='lat' dir='ltr'>dubio</span> <span class='ocrx_word' id='word_1_137' title='bbox 832 1316 1081 1363; x_wconf 87' lang='lat' dir='ltr'>tenebatur</span> <span class='ocrx_word' id='word_1_138' title='bbox 1098 1315 1282 1362; x_wconf 77' lang='lat' dir='ltr'>videndi</span> <span class='ocrx_word' id='word_1_139' title='bbox 1305 1317 1688 1372; x_wconf 79' lang='lat' dir='ltr'>provectissimae</span> <span class='ocrx_word' id='word_1_140' title='bbox 1706 1315 1875 1360; x_wconf 82' lang='lat' dir='ltr'>aetatis</span> <span class='ocrx_word' id='word_1_141' title='bbox 1894 1326 1981 1372; x_wconf 83' lang='lat' dir='ltr'>pa-</span> 
     </span>
     <span class='ocr_line' id='line_1_17' title="bbox 97 1374 1983 1492; baseline 0 -13"><span class='ocrx_word' id='word_1_142' title='bbox 97 1383 291 1480; x_wconf 57' lang='grc' dir='ltr'>ἷὲἑὶῗιῆ</span> <span class='ocrx_word' id='word_1_143' title='bbox 311 1374 639 1491; x_wconf 53' lang='lat' dir='ltr'>&amp;ssimi</span> <span class='ocrx_word' id='word_1_144' title='bbox 653 1376 931 1481; x_wconf 56' lang='lat' dir='ltr'>ffssissjpffi’</span> <span class='ocrx_word' id='word_1_145' title='bbox 968 1375 1445 1480; x_wconf 54' lang='lat' dir='ltr'>&#39;iss&#39;ss‘i&#39;ffi’ssvssfii’</span> <span class='ocrx_word' id='word_1_146' title='bbox 1472 1376 1983 1492; x_wconf 53' lang='lat' dir='ltr'>ffzizrfss‘aszitl·</span> 
     </span>
     <span class='ocr_line' id='line_1_18' title="bbox 96 1447 1984 1555; baseline -0.001 -16"><span class='ocrx_word' id='word_1_147' title='bbox 96 1502 193 1540; x_wconf 90' lang='lat' dir='ltr'>tum</span> <span class='ocrx_word' id='word_1_148' title='bbox 224 1495 461 1552; x_wconf 85' lang='lat' dir='ltr'>potuerit,</span> <span class='ocrx_word' id='word_1_149' title='bbox 500 1493 759 1555; x_wconf 68' lang='lat' dir='ltr'>festinavit3</span> <span class='ocrx_word' id='word_1_150' title='bbox 798 1496 856 1542; x_wconf 88' lang='lat' dir='ltr'>ad</span> <span class='ocrx_word' id='word_1_151' title='bbox 876 1447 1002 1553; x_wconf 57' lang='lat' dir='ltr'>qgod</span> <span class='ocrx_word' id='word_1_152' title='bbox 1024 1494 1165 1540; x_wconf 85' lang='lat' dir='ltr'>etiam</span> <span class='ocrx_word' id='word_1_153' title='bbox 1187 1469 1462 1540; x_wconf 73' lang='lat' dir='ltr'>solvendum</span> <span class='ocrx_word' id='word_1_154' title='bbox 1482 1495 1610 1541; x_wconf 85' lang='lat' dir='ltr'>Deus</span> <span class='ocrx_word' id='word_1_155' title='bbox 1628 1462 1984 1550; x_wconf 61' lang='lat' dir='ltr'>ip’sum&#39;monuit</span> 
     </span>
     <span class='ocr_line' id='line_1_19' title="bbox 96 1552 1981 1612; baseline -0.001 -13"><span class='ocrx_word' id='word_1_156' title='bbox 96 1552 286 1607; x_wconf 73' lang='lat' dir='ltr'>(Genes-</span> <span class='ocrx_word' id='word_1_157' title='bbox 307 1564 411 1611; x_wconf 86' lang='lat' dir='ltr'>cap.</span> <span class='ocrx_word' id='word_1_158' title='bbox 430 1555 497 1596; x_wconf 74' lang='lat'>31.</span> <span class='ocrx_word' id='word_1_159' title='bbox 520 1567 561 1598; x_wconf 90' lang='lat' dir='ltr'>v.</span> <span class='ocrx_word' id='word_1_160' title='bbox 581 1556 623 1597; x_wconf 74' lang='grc'><strong>3.</strong></span> <span class='ocrx_word' id='word_1_161' title='bbox 643 1562 691 1599; x_wconf 90' lang='lat' dir='ltr'>et</span> <span class='ocrx_word' id='word_1_162' title='bbox 709 1557 795 1609; x_wconf 75' lang='lat'>1³.)</span> <span class='ocrx_word' id='word_1_163' title='bbox 816 1562 863 1602; x_wconf 89' lang='lat' dir='ltr'>et</span> <span class='ocrx_word' id='word_1_164' title='bbox 880 1554 1105 1601; x_wconf 84' lang='lat' dir='ltr'>auxilium</span> <span class='ocrx_word' id='word_1_165' title='bbox 1122 1566 1264 1600; x_wconf 87' lang='lat' dir='ltr'>suum</span> <span class='ocrx_word' id='word_1_166' title='bbox 1280 1587 1294 1612; x_wconf 95' lang='lat'><strong>‚</strong></span> <span class='ocrx_word' id='word_1_167' title='bbox 1314 1565 1409 1612; x_wconf 86' lang='lat' dir='ltr'>quo</span> <span class='ocrx_word' id='word_1_168' title='bbox 1429 1555 1476 1599; x_wconf 92' lang='lat' dir='ltr'>in</span> <span class='ocrx_word' id='word_1_169' title='bbox 1496 1554 1694 1612; x_wconf 82' lang='lat' dir='ltr'>patriam</span> <span class='ocrx_word' id='word_1_170' title='bbox 1714 1554 1981 1610; x_wconf 81' lang='lat' dir='ltr'>duceretur,</span> 
     </span>
     <span class='ocr_line' id='line_1_20' title="bbox 96 1612 1983 1673; baseline -0.001 -14"><span class='ocrx_word' id='word_1_171' title='bbox 96 1613 329 1673; x_wconf 81' lang='lat' dir='ltr'>promisit.</span> <span class='ocrx_word' id='word_1_172' title='bbox 382 1614 519 1669; x_wconf 83' lang='lat' dir='ltr'>Quod</span> <span class='ocrx_word' id='word_1_173' title='bbox 536 1614 577 1659; x_wconf 85' lang='lat' dir='ltr'>si</span> <span class='ocrx_word' id='word_1_174' title='bbox 597 1619 755 1661; x_wconf 89' lang='lat' dir='ltr'>tamen</span> <span class='ocrx_word' id='word_1_175' title='bbox 777 1617 865 1661; x_wconf 91' lang='lat' dir='ltr'>hae</span> <span class='ocrx_word' id='word_1_176' title='bbox 884 1616 959 1670; x_wconf 84' lang='lat'>(1).</span> <span class='ocrx_word' id='word_1_177' title='bbox 979 1613 1116 1667; x_wconf 73' lang='lat' dir='ltr'>haec)</span> <span class='ocrx_word' id='word_1_178' title='bbox 1137 1614 1436 1660; x_wconf 88' lang='lat' dir='ltr'>coniecturae</span> <span class='ocrx_word' id='word_1_179' title='bbox 1457 1614 1614 1671; x_wconf 82' lang='lat' dir='ltr'>potius</span> <span class='ocrx_word' id='word_1_180' title='bbox 1628 1645 1642 1669; x_wconf 91' lang='lat'>,</span> <span class='ocrx_word' id='word_1_181' title='bbox 1670 1623 1813 1670; x_wconf 86' lang='lat' dir='ltr'>quam</span> <span class='ocrx_word' id='word_1_182' title='bbox 1833 1612 1983 1658; x_wconf 85' lang='lat' dir='ltr'>ratio-</span> 
     </span>
     <span class='ocr_line' id='line_1_21' title="bbox 99 1670 1984 1731; baseline -0.001 -14"><span class='ocrx_word' id='word_1_183' title='bbox 99 1686 178 1719; x_wconf 81' lang='lat' dir='ltr'>nes</span> <span class='ocrx_word' id='word_1_184' title='bbox 197 1673 446 1731; x_wconf 77' lang='lat' dir='ltr'>videntur,</span> <span class='ocrx_word' id='word_1_185' title='bbox 474 1685 560 1730; x_wconf 74' lang='lat' dir='ltr'>age</span> <span class='ocrx_word' id='word_1_186' title='bbox 579 1675 921 1731; x_wconf 81' lang='lat' dir='ltr'>concedamus,</span> <span class='ocrx_word' id='word_1_187' title='bbox 962 1674 1188 1721; x_wconf 80' lang='lat' dir='ltr'>Iacobum</span> <span class='ocrx_word' id='word_1_188' title='bbox 1208 1676 1234 1715; x_wconf 84' lang='grc'><strong>8</strong></span> <span class='ocrx_word' id='word_1_189' title='bbox 1252 1673 1325 1720; x_wconf 89' lang='lat' dir='ltr'>vel</span> <span class='ocrx_word' id='word_1_190' title='bbox 1344 1678 1410 1730; x_wconf 83' lang='lat'>10,</span> <span class='ocrx_word' id='word_1_191' title='bbox 1431 1675 1534 1721; x_wconf 83' lang='lat' dir='ltr'>etsi</span> <span class='ocrx_word' id='word_1_192' title='bbox 1556 1674 1710 1731; x_wconf 88' lang='lat' dir='ltr'>placet</span> <span class='ocrx_word' id='word_1_193' title='bbox 1727 1672 1887 1729; x_wconf 85' lang='lat' dir='ltr'>plures</span> <span class='ocrx_word' id='word_1_194' title='bbox 1906 1670 1984 1724; x_wconf 92' lang='grc' dir='ltr'><strong>(Β.</strong></span> 
     </span>
     <span class='ocr_line' id='line_1_22' title="bbox 97 1730 1985 1793; baseline 0 -15"><span class='ocrx_word' id='word_1_195' title='bbox 97 1734 200 1779; x_wconf 83' lang='lat' dir='ltr'>add.</span> <span class='ocrx_word' id='word_1_196' title='bbox 220 1731 445 1789; x_wconf 65' lang='lat' dir='ltr'>insuper)</span> <span class='ocrx_word' id='word_1_197' title='bbox 465 1746 612 1781; x_wconf 83' lang='lat' dir='ltr'>annos</span> <span class='ocrx_word' id='word_1_198' title='bbox 630 1734 762 1782; x_wconf 77' lang='lat' dir='ltr'>brevi</span> <span class='ocrx_word' id='word_1_199' title='bbox 782 1734 871 1781; x_wconf 91' lang='lat' dir='ltr'>hoc</span> <span class='ocrx_word' id='word_1_200' title='bbox 891 1735 1057 1781; x_wconf 85' lang='lat' dir='ltr'>itinere</span> <span class='ocrx_word' id='word_1_201' title='bbox 1085 1734 1161 1789; x_wconf 83' lang='lat'>(1).</span> <span class='ocrx_word' id='word_1_202' title='bbox 1185 1734 1318 1782; x_wconf 72' lang='lat' dir='ltr'>add-t</span> <span class='ocrx_word' id='word_1_203' title='bbox 1357 1734 1503 1791; x_wconf 80' lang='lat' dir='ltr'>pelori</span> <span class='ocrx_word' id='word_1_204' title='bbox 1533 1734 1656 1793; x_wconf 75' lang='lat' dir='ltr'>fato,</span> <span class='ocrx_word' id='word_1_205' title='bbox 1695 1746 1839 1792; x_wconf 83' lang='lat' dir='ltr'>quam</span> <span class='ocrx_word' id='word_1_206' title='bbox 1859 1730 1985 1779; x_wconf 84' lang='lat' dir='ltr'>Ulis-</span> 
     </span>
    </p>
   </div>
   <div class='ocr_carea' id='block_1_5' title="bbox 17 1791 1987 1852">
    <p class='ocr_par' dir='ltr' id='par_1_5' title="bbox 17 1791 1987 1852">
     <span class='ocr_line' id='line_1_23' title="bbox 17 1791 1987 1852; baseline -0.002 -13"><span class='ocrx_word' id='word_1_207' title='bbox 17 1819 19 1824; x_wconf 94' lang='lat'><em>·</em></span> <span class='ocrx_word' id='word_1_208' title='bbox 96 1806 195 1839; x_wconf 86' lang='lat' dir='ltr'>sem</span> <span class='ocrx_word' id='word_1_209' title='bbox 226 1799 405 1839; x_wconf 89' lang='lat' dir='ltr'>actum.</span> <span class='ocrx_word' id='word_1_210' title='bbox 461 1791 584 1840; x_wconf 81' lang='lat' dir='ltr'>Gall.</span> <span class='ocrx_word' id='word_1_211' title='bbox 615 1807 801 1841; x_wconf 87' lang='lat' dir='ltr'>comme</span> <span class='ocrx_word' id='word_1_212' title='bbox 828 1808 891 1840; x_wconf 90' lang='lat' dir='ltr'>un</span> <span class='ocrx_word' id='word_1_213' title='bbox 920 1800 1055 1842; x_wconf 87' lang='lat' dir='ltr'>autre</span> <span class='ocrx_word' id='word_1_214' title='bbox 1082 1794 1264 1848; x_wconf 76' lang='lat' dir='ltr'>ulisse)</span> <span class='ocrx_word' id='word_1_215' title='bbox 1301 1795 1667 1852; x_wconf 84' lang='lat' dir='ltr'>consumpsisse.</span> <span class='ocrx_word' id='word_1_216' title='bbox 1721 1793 1824 1839; x_wconf 74' lang='lat' dir='ltr'>Hoc</span> <span class='ocrx_word' id='word_1_217' title='bbox 1860 1800 1987 1838; x_wconf 88' lang='lat' dir='ltr'>certe</span> 
     </span>
    </p>
   </div>
   <div class='ocr_carea' id='block_1_6' title="bbox 97 1853 1986 1913">
    <p class='ocr_par' dir='ltr' id='par_1_6' title="bbox 97 1853 1986 1913">
     <span class='ocr_line' id='line_1_24' title="bbox 97 1853 1986 1913; baseline 0 -15"><span class='ocrx_word' id='word_1_218' title='bbox 97 1865 271 1910; x_wconf 76' lang='lat' dir='ltr'>negare</span> <span class='ocrx_word' id='word_1_219' title='bbox 301 1865 395 1898; x_wconf 88' lang='lat' dir='ltr'>non</span> <span class='ocrx_word' id='word_1_220' title='bbox 426 1859 670 1911; x_wconf 86' lang='lat' dir='ltr'>poterunt,</span> <span class='ocrx_word' id='word_1_221' title='bbox 708 1854 836 1913; x_wconf 83' lang='lat' dir='ltr'>quod</span> <span class='ocrx_word' id='word_1_222' title='bbox 861 1854 1109 1912; x_wconf 77' lang='lat' dir='ltr'>Benjamin</span> <span class='ocrx_word' id='word_1_223' title='bbox 1138 1853 1185 1900; x_wconf 90' lang='lat' dir='ltr'>in</span> <span class='ocrx_word' id='word_1_224' title='bbox 1221 1854 1386 1900; x_wconf 88' lang='lat' dir='ltr'>ultimo</span> <span class='ocrx_word' id='word_1_225' title='bbox 1423 1855 1562 1900; x_wconf 85' lang='lat' dir='ltr'>huius</span> <span class='ocrx_word' id='word_1_226' title='bbox 1599 1853 1986 1911; x_wconf 73' lang='lat' dir='ltr'>peregrinationis</span> 
     </span>
    </p>
   </div>
   <div class='ocr_carea' id='block_1_7' title="bbox 17 1913 1985 1970">
    <p class='ocr_par' dir='ltr' id='par_1_7' title="bbox 17 1913 1985 1970">
     <span class='ocr_line' id='line_1_25' title="bbox 17 1913 1985 1970; baseline 0.001 -13"><span class='ocrx_word' id='word_1_227' title='bbox 17 1945 19 1962; x_wconf 87' lang='lat'>.</span> <span class='ocrx_word' id='word_1_228' title='bbox 100 1925 222 1958; x_wconf 86' lang='lat' dir='ltr'>anno</span> <span class='ocrx_word' id='word_1_229' title='bbox 244 1919 383 1958; x_wconf 87' lang='lat' dir='ltr'>natus</span> <span class='ocrx_word' id='word_1_230' title='bbox 405 1913 493 1958; x_wconf 74' lang='lat' dir='ltr'>ruit</span> <span class='ocrx_word' id='word_1_231' title='bbox 513 1913 815 1969; x_wconf 58' lang='lat' dir='ltr'>(afuerit),</span> <span class='ocrx_word' id='word_1_232' title='bbox 855 1915 945 1959; x_wconf 86' lang='lat' dir='ltr'>hcc</span> <span class='ocrx_word' id='word_1_233' title='bbox 974 1919 1071 1970; x_wconf 85' lang='lat' dir='ltr'>est,</span> <span class='ocrx_word' id='word_1_234' title='bbox 1109 1925 1164 1959; x_wconf 84' lang='lat' dir='ltr'>ex</span> <span class='ocrx_word' id='word_1_235' title='bbox 1184 1913 1393 1970; x_wconf 87' lang='lat' dir='ltr'>ipsorum</span> <span class='ocrx_word' id='word_1_236' title='bbox 1414 1915 1492 1968; x_wconf 88' lang='grc' dir='ltr'><strong>(Β.</strong></span> <span class='ocrx_word' id='word_1_237' title='bbox 1513 1916 1694 1967; x_wconf 73' lang='lat' dir='ltr'>eornm)</span> <span class='ocrx_word' id='word_1_238' title='bbox 1723 1913 1985 1970; x_wconf 74' lang='lat' dir='ltr'>hypothesi,</span> 
     </span>
    </p>
   </div>
   <div class='ocr_carea' id='block_1_8' title="bbox 100 1972 1986 2031">
    <p class='ocr_par' dir='ltr' id='par_1_8' title="bbox 100 1972 1986 2031">
     <span class='ocr_line' id='line_1_26' title="bbox 100 1972 1986 2031; baseline 0.001 -15"><span class='ocrx_word' id='word_1_239' title='bbox 100 1985 221 2017; x_wconf 86' lang='lat' dir='ltr'>anno</span> <span class='ocrx_word' id='word_1_240' title='bbox 254 1973 507 2018; x_wconf 82' lang='lat' dir='ltr'>nativitatis</span> <span class='ocrx_word' id='word_1_241' title='bbox 537 1973 725 2030; x_wconf 84' lang='lat' dir='ltr'>losephi</span> <span class='ocrx_word' id='word_1_242' title='bbox 754 1972 940 2019; x_wconf 86' lang='lat' dir='ltr'>decimo</span> <span class='ocrx_word' id='word_1_243' title='bbox 968 1973 1131 2031; x_wconf 79' lang='lat' dir='ltr'>quinto</span> <span class='ocrx_word' id='word_1_244' title='bbox 1159 1979 1242 2018; x_wconf 87' lang='lat' dir='ltr'>aut</span> <span class='ocrx_word' id='word_1_245' title='bbox 1271 1974 1455 2019; x_wconf 88' lang='lat' dir='ltr'>decimo</span> <span class='ocrx_word' id='word_1_246' title='bbox 1483 1980 1640 2030; x_wconf 84' lang='lat' dir='ltr'>sexto,</span> <span class='ocrx_word' id='word_1_247' title='bbox 1677 1981 1760 2018; x_wconf 83' lang='lat' dir='ltr'>aut</span> <span class='ocrx_word' id='word_1_248' title='bbox 1786 1973 1986 2018; x_wconf 87' lang='lat' dir='ltr'>circiter.</span> 
     </span>
    </p>
   </div>
   <div class='ocr_carea' id='block_1_9' title="bbox 17 2031 1984 2089">
    <p class='ocr_par' dir='ltr' id='par_1_9' title="bbox 17 2031 1984 2089">
     <span class='ocr_line' id='line_1_27' title="bbox 17 2031 1984 2089; baseline 0 -13"><span class='ocrx_word' id='word_1_249' title='bbox 17 2069 19 2076; x_wconf 93' lang='lat'>.</span> <span class='ocrx_word' id='word_1_250' title='bbox 98 2032 216 2076; x_wconf 71' lang='lat' dir='ltr'>Ram</span> <span class='ocrx_word' id='word_1_251' title='bbox 238 2033 443 2078; x_wconf 82' lang='lat' dir='ltr'>lacobus</span> <span class='ocrx_word' id='word_1_252' title='bbox 472 2045 595 2078; x_wconf 91' lang='lat' dir='ltr'>anno</span> <span class='ocrx_word' id='word_1_253' title='bbox 626 2045 653 2079; x_wconf 88' lang='lat' dir='ltr'>a</span> <span class='ocrx_word' id='word_1_254' title='bbox 682 2033 919 2078; x_wconf 75' lang='lat' dir='ltr'>nativitate</span> <span class='ocrx_word' id='word_1_255' title='bbox 948 2033 1097 2089; x_wconf 85' lang='lat' dir='ltr'>ipsius</span> <span class='ocrx_word' id='word_1_256' title='bbox 1117 2031 1304 2088; x_wconf 84' lang='lat' dir='ltr'>losephi</span> <span class='ocrx_word' id='word_1_257' title='bbox 1323 2033 1524 2089; x_wconf 85' lang='lat' dir='ltr'>septimo</span> <span class='ocrx_word' id='word_1_258' title='bbox 1542 2032 1734 2079; x_wconf 88' lang='lat' dir='ltr'>Labano</span> <span class='ocrx_word' id='word_1_259' title='bbox 1754 2032 1984 2078; x_wconf 74' lang='lat' dir='ltr'>valedixit.</span> 
     </span>
    </p>
   </div>
   <div class='ocr_carea' id='block_1_10' title="bbox 99 2091 2053 2988">
    <p class='ocr_par' dir='ltr' id='par_1_10' title="bbox 99 2091 2053 2988">
     <span class='ocr_line' id='line_1_28' title="bbox 100 2091 1987 2150; baseline 0 -14"><span class='ocrx_word' id='word_1_260' title='bbox 100 2092 195 2142; x_wconf 89' lang='lat' dir='ltr'>(Sic</span> <span class='ocrx_word' id='word_1_261' title='bbox 215 2099 345 2137; x_wconf 89' lang='lat' dir='ltr'>recte</span> <span class='ocrx_word' id='word_1_262' title='bbox 361 2092 505 2138; x_wconf 80' lang='lat' dir='ltr'>verba</span> <span class='ocrx_word' id='word_1_263' title='bbox 524 2091 739 2150; x_wconf 71' lang='lat' dir='ltr'>leguntur</span> <span class='ocrx_word' id='word_1_264' title='bbox 757 2093 878 2149; x_wconf 89' lang='lat' dir='ltr'>apud</span> <span class='ocrx_word' id='word_1_265' title='bbox 899 2093 955 2136; x_wconf 84' lang='lat'>1).</span> <span class='ocrx_word' id='word_1_266' title='bbox 978 2099 1024 2137; x_wconf 90' lang='lat' dir='ltr'>et</span> <span class='ocrx_word' id='word_1_267' title='bbox 1040 2091 1181 2141; x_wconf 65' lang='lat' dir='ltr'>Gall„</span> <span class='ocrx_word' id='word_1_268' title='bbox 1202 2104 1448 2149; x_wconf 82' lang='lat' dir='ltr'>perperam</span> <span class='ocrx_word' id='word_1_269' title='bbox 1467 2093 1591 2149; x_wconf 84' lang='lat' dir='ltr'>apud</span> <span class='ocrx_word' id='word_1_270' title='bbox 1612 2093 1698 2145; x_wconf 74' lang='grc' dir='ltr'><strong>Μ.)</strong></span> <span class='ocrx_word' id='word_1_271' title='bbox 1717 2093 1775 2136; x_wconf 81' lang='lat' dir='ltr'>At</span> <span class='ocrx_word' id='word_1_272' title='bbox 1791 2103 1846 2136; x_wconf 84' lang='lat' dir='ltr'>ex</span> <span class='ocrx_word' id='word_1_273' title='bbox 1865 2103 1987 2137; x_wconf 82' lang='lat' dir='ltr'>anno</span> 
     </span>
     <span class='ocr_line' id='line_1_29' title="bbox 99 2151 1986 2209; baseline 0.001 -18"><span class='ocrx_word' id='word_1_274' title='bbox 99 2153 163 2195; x_wconf 78' lang='lat' dir='ltr'>fl.</span> <span class='ocrx_word' id='word_1_275' title='bbox 186 2152 357 2198; x_wconf 81' lang='lat' dir='ltr'>aetatis</span> <span class='ocrx_word' id='word_1_276' title='bbox 389 2152 579 2209; x_wconf 88' lang='lat' dir='ltr'>losephi</span> <span class='ocrx_word' id='word_1_277' title='bbox 606 2164 757 2209; x_wconf 82' lang='lat' dir='ltr'>usque</span> <span class='ocrx_word' id='word_1_278' title='bbox 784 2153 859 2206; x_wconf 88' lang='grc' dir='ltr'><strong>(Β.</strong></span> <span class='ocrx_word' id='word_1_279' title='bbox 881 2152 988 2197; x_wconf 88' lang='lat' dir='ltr'>add.</span> <span class='ocrx_word' id='word_1_280' title='bbox 1019 2153 1085 2196; x_wconf 77' lang='lat' dir='ltr'>ad</span> <span class='ocrx_word' id='word_1_281' title='bbox 1100 2158 1302 2203; x_wconf 74' lang='lat' dir='ltr'>annum)</span> <span class='ocrx_word' id='word_1_282' title='bbox 1331 2164 1424 2208; x_wconf 85' lang='lat' dir='ltr'>quo</span> <span class='ocrx_word' id='word_1_283' title='bbox 1446 2152 1650 2198; x_wconf 81' lang='lat' dir='ltr'>Iacobus</span> <span class='ocrx_word' id='word_1_284' title='bbox 1669 2152 1748 2206; x_wconf 89' lang='grc' dir='ltr'><strong>(Β.</strong></span> <span class='ocrx_word' id='word_1_285' title='bbox 1768 2151 1874 2208; x_wconf 72' lang='lat' dir='ltr'>ipse</span> <span class='ocrx_word' id='word_1_286' title='bbox 1887 2162 1986 2207; x_wconf 79' lang='lat' dir='ltr'>pa-</span> 
     </span>
     <span class='ocr_line' id='line_1_30' title="bbox 100 2208 1985 2268; baseline -0.001 -16"><span class='ocrx_word' id='word_1_287' title='bbox 100 2208 348 2264; x_wconf 67' lang='lat' dir='ltr'>triarcha)</span> <span class='ocrx_word' id='word_1_288' title='bbox 373 2212 630 2268; x_wconf 75' lang='lat' dir='ltr'>Aegyptum</span> <span class='ocrx_word' id='word_1_289' title='bbox 660 2212 873 2268; x_wconf 80' lang='lat' dir='ltr'>migravit</span> <span class='ocrx_word' id='word_1_290' title='bbox 908 2212 991 2266; x_wconf 91' lang='grc' dir='ltr'><strong>(Β.</strong></span> <span class='ocrx_word' id='word_1_291' title='bbox 1016 2223 1219 2267; x_wconf 71' lang='lat' dir='ltr'>peregre</span> <span class='ocrx_word' id='word_1_292' title='bbox 1253 2211 1387 2266; x_wconf 72' lang='lat' dir='ltr'>ivit),</span> <span class='ocrx_word' id='word_1_293' title='bbox 1427 2224 1517 2257; x_wconf 89' lang='lat' dir='ltr'>non</span> <span class='ocrx_word' id='word_1_294' title='bbox 1547 2211 1654 2268; x_wconf 87' lang='lat' dir='ltr'>plus</span> <span class='ocrx_word' id='word_1_295' title='bbox 1679 2210 1758 2266; x_wconf 91' lang='grc' dir='ltr'><strong>(Β.</strong></span> <span class='ocrx_word' id='word_1_296' title='bbox 1782 2211 1985 2268; x_wconf 73' lang='lat' dir='ltr'>plures),</span> 
     </span>
     <span class='ocr_line' id='line_1_31' title="bbox 102 2267 2000 2328; baseline 0 -14"><span class='ocrx_word' id='word_1_297' title='bbox 102 2281 245 2327; x_wconf 86' lang='lat' dir='ltr'>quam</span> <span class='ocrx_word' id='word_1_298' title='bbox 276 2271 439 2327; x_wconf 78' lang='lat' dir='ltr'>viginti</span> <span class='ocrx_word' id='word_1_299' title='bbox 467 2273 559 2317; x_wconf 89' lang='lat' dir='ltr'>duo</span> <span class='ocrx_word' id='word_1_300' title='bbox 588 2272 697 2317; x_wconf 90' lang='lat' dir='ltr'>anni</span> <span class='ocrx_word' id='word_1_301' title='bbox 728 2277 1058 2322; x_wconf 84' lang='lat' dir='ltr'>numerantur,</span> <span class='ocrx_word' id='word_1_302' title='bbox 1097 2278 1151 2317; x_wconf 91' lang='lat' dir='ltr'>ut</span> <span class='ocrx_word' id='word_1_303' title='bbox 1176 2271 1224 2316; x_wconf 86' lang='lat' dir='ltr'>in</span> <span class='ocrx_word' id='word_1_304' title='bbox 1254 2271 1343 2317; x_wconf 91' lang='lat' dir='ltr'>hoc</span> <span class='ocrx_word' id='word_1_305' title='bbox 1371 2271 1472 2328; x_wconf 83' lang='lat' dir='ltr'>ipso</span> <span class='ocrx_word' id='word_1_306' title='bbox 1501 2267 1651 2326; x_wconf 79' lang='lat' dir='ltr'>capite</span> <span class='ocrx_word' id='word_1_307' title='bbox 1670 2271 2000 2328; x_wconf 47' lang='lat' dir='ltr'>ostendimus?</span> 
     </span>
     <span class='ocr_line' id='line_1_32' title="bbox 101 2331 1987 2389; baseline 0 -15"><span class='ocrx_word' id='word_1_308' title='bbox 101 2331 319 2388; x_wconf 84' lang='lat' dir='ltr'>adeoque</span> <span class='ocrx_word' id='word_1_309' title='bbox 338 2331 581 2387; x_wconf 67' lang='lat' dir='ltr'>Beniamin</span> <span class='ocrx_word' id='word_1_310' title='bbox 600 2344 656 2377; x_wconf 91' lang='lat' dir='ltr'>eo</span> <span class='ocrx_word' id='word_1_311' title='bbox 685 2332 761 2386; x_wconf 91' lang='grc' dir='ltr'><strong>(Β.</strong></span> <span class='ocrx_word' id='word_1_312' title='bbox 782 2333 961 2382; x_wconf 77' lang='lat' dir='ltr'>eodem)</span> <span class='ocrx_word' id='word_1_313' title='bbox 990 2336 1229 2389; x_wconf 87' lang='lat' dir='ltr'>tempore,</span> <span class='ocrx_word' id='word_1_314' title='bbox 1269 2343 1362 2388; x_wconf 90' lang='lat' dir='ltr'>quo</span> <span class='ocrx_word' id='word_1_315' title='bbox 1391 2331 1572 2376; x_wconf 81' lang='lat' dir='ltr'>seilicet</span> <span class='ocrx_word' id='word_1_316' title='bbox 1589 2331 1847 2386; x_wconf 76' lang='lat' dir='ltr'>Aegyptum</span> <span class='ocrx_word' id='word_1_317' title='bbox 1875 2340 1987 2386; x_wconf 89' lang='lat' dir='ltr'>pro-</span> 
     </span>
     <span class='ocr_line' id='line_1_33' title="bbox 104 2388 1987 2449; baseline -0.001 -17"><span class='ocrx_word' id='word_1_318' title='bbox 104 2388 254 2435; x_wconf 76' lang='lat' dir='ltr'>fectus</span> <span class='ocrx_word' id='word_1_319' title='bbox 282 2397 380 2446; x_wconf 81' lang='lat' dir='ltr'>est,</span> <span class='ocrx_word' id='word_1_320' title='bbox 420 2390 580 2449; x_wconf 70' lang='lat' dir='ltr'>viginti</span> <span class='ocrx_word' id='word_1_321' title='bbox 609 2397 702 2437; x_wconf 87' lang='lat' dir='ltr'>tres</span> <span class='ocrx_word' id='word_1_322' title='bbox 730 2397 813 2436; x_wconf 88' lang='lat' dir='ltr'>aut</span> <span class='ocrx_word' id='word_1_323' title='bbox 829 2391 987 2448; x_wconf 77' lang='lat' dir='ltr'>viginti</span> <span class='ocrx_word' id='word_1_324' title='bbox 1007 2398 1214 2449; x_wconf 86' lang='lat' dir='ltr'>quatuor</span> <span class='ocrx_word' id='word_1_325' title='bbox 1232 2403 1380 2436; x_wconf 85' lang='lat' dir='ltr'>annos</span> <span class='ocrx_word' id='word_1_326' title='bbox 1400 2398 1536 2438; x_wconf 84' lang='lat' dir='ltr'>natus</span> <span class='ocrx_word' id='word_1_327' title='bbox 1556 2398 1657 2436; x_wconf 89' lang='lat' dir='ltr'>erat</span> <span class='ocrx_word' id='word_1_328' title='bbox 1672 2391 1749 2444; x_wconf 88' lang='grc' dir='ltr'><strong>(Β.</strong></span> <span class='ocrx_word' id='word_1_329' title='bbox 1771 2391 1839 2433; x_wconf 74' lang='lat' dir='ltr'>ad</span> <span class='ocrx_word' id='word_1_330' title='bbox 1853 2400 1987 2430; x_wconf 73' lang='lat' dir='ltr'>wm-</span> 
     </span>
     <span class='ocr_line' id='line_1_34' title="bbox 103 2447 1987 2508; baseline 0.001 -17"><span class='ocrx_word' id='word_1_331' title='bbox 103 2461 234 2492; x_wconf 79' lang='lat' dir='ltr'>mum</span> <span class='ocrx_word' id='word_1_332' title='bbox 251 2447 493 2508; x_wconf 66' lang='lat' dir='ltr'>habebat),</span> <span class='ocrx_word' id='word_1_333' title='bbox 530 2463 626 2508; x_wconf 78' lang='lat' dir='ltr'>quo</span> <span class='ocrx_word' id='word_1_334' title='bbox 645 2451 811 2498; x_wconf 84' lang='lat' dir='ltr'>aetatis</span> <span class='ocrx_word' id='word_1_335' title='bbox 831 2451 947 2496; x_wconf 83' lang='lat' dir='ltr'>flore</span> <span class='ocrx_word' id='word_1_336' title='bbox 966 2457 1159 2508; x_wconf 79' lang='lat' dir='ltr'>nepotes</span> <span class='ocrx_word' id='word_1_337' title='bbox 1180 2463 1288 2496; x_wconf 88' lang='lat' dir='ltr'>eum</span> <span class='ocrx_word' id='word_1_338' title='bbox 1310 2451 1531 2498; x_wconf 81' lang='lat' dir='ltr'>habuisse</span> <span class='ocrx_word' id='word_1_339' title='bbox 1549 2455 1732 2497; x_wconf 83' lang='lat' dir='ltr'>constat</span> <span class='ocrx_word' id='word_1_340' title='bbox 1749 2449 1872 2504; x_wconf 78' lang='lat' dir='ltr'>(vide</span> <span class='ocrx_word' id='word_1_341' title='bbox 1891 2447 1987 2494; x_wconf 77' lang='lat' dir='ltr'>Ge·</span> 
     </span>
     <span class='ocr_line' id='line_1_35' title="bbox 104 2511 2053 2568; baseline -0.003 -14"><span class='ocrx_word' id='word_1_342' title='bbox 104 2519 200 2554; x_wconf 85' lang='lat' dir='ltr'>nes.</span> <span class='ocrx_word' id='word_1_343' title='bbox 223 2521 313 2566; x_wconf 82' lang='lat' dir='ltr'>cap</span> <span class='ocrx_word' id='word_1_344' title='bbox 348 2511 417 2554; x_wconf 69' lang='lat'>4⁶.</span> <span class='ocrx_word' id='word_1_345' title='bbox 437 2523 479 2556; x_wconf 80' lang='lat' dir='ltr'>v.</span> <span class='ocrx_word' id='word_1_346' title='bbox 498 2513 567 2554; x_wconf 82' lang='lat'>2¹.</span> <span class='ocrx_word' id='word_1_347' title='bbox 581 2543 595 2568; x_wconf 95' lang='lat'><strong>‚</strong></span> <span class='ocrx_word' id='word_1_348' title='bbox 632 2523 774 2567; x_wconf 84' lang='lat' dir='ltr'>quem</span> <span class='ocrx_word' id='word_1_349' title='bbox 804 2511 968 2557; x_wconf 76' lang='lat' dir='ltr'>confer</span> <span class='ocrx_word' id='word_1_350' title='bbox 994 2523 1100 2556; x_wconf 91' lang='lat' dir='ltr'>cum</span> <span class='ocrx_word' id='word_1_351' title='bbox 1121 2524 1161 2555; x_wconf 84' lang='lat' dir='ltr'>v.</span> <span class='ocrx_word' id='word_1_352' title='bbox 1182 2514 1249 2553; x_wconf 84' lang='grc'><strong>38.</strong></span> <span class='ocrx_word' id='word_1_353' title='bbox 1271 2513 1336 2554; x_wconf 73' lang='grc'><strong>39.</strong></span> <span class='ocrx_word' id='word_1_354' title='bbox 1355 2513 1422 2553; x_wconf 67' lang='grc'><strong>40.</strong></span> <span class='ocrx_word' id='word_1_355' title='bbox 1445 2523 1548 2568; x_wconf 87' lang='lat' dir='ltr'>cap.</span> <span class='ocrx_word' id='word_1_356' title='bbox 1568 2511 1636 2553; x_wconf 78' lang='lat'>26.</span> <span class='ocrx_word' id='word_1_357' title='bbox 1656 2511 1795 2555; x_wconf 79' lang='lat' dir='ltr'>Num.</span> <span class='ocrx_word' id='word_1_358' title='bbox 1817 2514 1988 2553; x_wconf 90' lang='lat' dir='ltr'>etcum</span> <span class='ocrx_word' id='word_1_359' title='bbox 2048 2543 2053 2548; x_wconf 85' lang='lat'>.</span> 
     </span>
     <span class='ocr_line' id='line_1_36' title="bbox 105 2567 1988 2629; baseline -0.001 -18"><span class='ocrx_word' id='word_1_360' title='bbox 105 2581 145 2612; x_wconf 80' lang='lat' dir='ltr'>v.</span> <span class='ocrx_word' id='word_1_361' title='bbox 167 2573 208 2613; x_wconf 80' lang='grc' dir='ltr'><strong>Ι.</strong></span> <span class='ocrx_word' id='word_1_362' title='bbox 229 2576 395 2628; x_wconf 83' lang='lat' dir='ltr'>etseq.</span> <span class='ocrx_word' id='word_1_363' title='bbox 426 2581 527 2626; x_wconf 87' lang='lat' dir='ltr'>cap.</span> <span class='ocrx_word' id='word_1_364' title='bbox 548 2572 590 2614; x_wconf 78' lang='lat'>8.</span> <span class='ocrx_word' id='word_1_365' title='bbox 618 2570 727 2616; x_wconf 87' lang='lat' dir='ltr'>lihri</span> <span class='ocrx_word' id='word_1_366' title='bbox 748 2573 785 2615; x_wconf 74' lang='lat' dir='ltr'>i.</span> <span class='ocrx_word' id='word_1_367' title='bbox 814 2570 1019 2629; x_wconf 83' lang='lat' dir='ltr'>Paral.);</span> <span class='ocrx_word' id='word_1_368' title='bbox 1059 2583 1167 2616; x_wconf 87' lang='lat' dir='ltr'>nam</span> <span class='ocrx_word' id='word_1_369' title='bbox 1196 2569 1341 2616; x_wconf 84' lang='lat' dir='ltr'>Belah</span> <span class='ocrx_word' id='word_1_370' title='bbox 1360 2569 1622 2626; x_wconf 78' lang='lat' dir='ltr'>Benjamini</span> <span class='ocrx_word' id='word_1_371' title='bbox 1651 2567 1988 2626; x_wconf 70' lang='lat' dir='ltr'>primogenitus</span> 
     </span>
     <span class='ocr_line' id='line_1_37' title="bbox 106 2627 1986 2688; baseline -0.002 -14"><span class='ocrx_word' id='word_1_372' title='bbox 106 2627 225 2675; x_wconf 87' lang='lat' dir='ltr'>duos</span> <span class='ocrx_word' id='word_1_373' title='bbox 251 2630 349 2676; x_wconf 81' lang='lat' dir='ltr'>iam</span> <span class='ocrx_word' id='word_1_374' title='bbox 378 2629 501 2676; x_wconf 80' lang='lat' dir='ltr'>filios</span> <span class='ocrx_word' id='word_1_375' title='bbox 520 2631 609 2676; x_wconf 82' lang='lat' dir='ltr'>Ard</span> <span class='ocrx_word' id='word_1_376' title='bbox 630 2636 678 2676; x_wconf 92' lang='lat' dir='ltr'>et</span> <span class='ocrx_word' id='word_1_377' title='bbox 694 2631 968 2688; x_wconf 70' lang='lat' dir='ltr'>Nahssaman</span> <span class='ocrx_word' id='word_1_378' title='bbox 988 2636 1228 2687; x_wconf 76' lang='lat' dir='ltr'>genuerat.</span> <span class='ocrx_word' id='word_1_379' title='bbox 1283 2631 1417 2686; x_wconf 83' lang='lat' dir='ltr'>Quod</span> <span class='ocrx_word' id='word_1_380' title='bbox 1437 2642 1554 2675; x_wconf 81' lang='lat' dir='ltr'>sane</span> <span class='ocrx_word' id='word_1_381' title='bbox 1573 2641 1664 2676; x_wconf 90' lang='lat' dir='ltr'>non</span> <span class='ocrx_word' id='word_1_382' title='bbox 1683 2629 1838 2675; x_wconf 85' lang='lat' dir='ltr'>minus</span> <span class='ocrx_word' id='word_1_383' title='bbox 1859 2639 1885 2673; x_wconf 88' lang='lat' dir='ltr'>a</span> <span class='ocrx_word' id='word_1_384' title='bbox 1907 2639 1986 2672; x_wconf 91' lang='lat' dir='ltr'>ra-</span> 
     </span>
     <span class='ocr_line' id='line_1_38' title="bbox 108 2686 1989 2748; baseline -0.002 -14"><span class='ocrx_word' id='word_1_385' title='bbox 108 2688 231 2735; x_wconf 85' lang='lat' dir='ltr'>tione</span> <span class='ocrx_word' id='word_1_386' title='bbox 249 2689 461 2735; x_wconf 85' lang='lat' dir='ltr'>alienum</span> <span class='ocrx_word' id='word_1_387' title='bbox 481 2695 576 2746; x_wconf 88' lang='lat' dir='ltr'>est,</span> <span class='ocrx_word' id='word_1_388' title='bbox 597 2701 739 2747; x_wconf 85' lang='lat' dir='ltr'>quam</span> <span class='ocrx_word' id='word_1_389' title='bbox 759 2698 986 2748; x_wconf 77' lang='lat' dir='ltr'>statuere,</span> <span class='ocrx_word' id='word_1_390' title='bbox 1015 2690 1142 2746; x_wconf 81' lang='lat' dir='ltr'>quod</span> <span class='ocrx_word' id='word_1_391' title='bbox 1161 2688 1282 2735; x_wconf 86' lang='lat' dir='ltr'>Dina</span> <span class='ocrx_word' id='word_1_392' title='bbox 1303 2689 1538 2745; x_wconf 81' lang='lat' dir='ltr'>septennis</span> <span class='ocrx_word' id='word_1_393' title='bbox 1559 2690 1652 2735; x_wconf 79' lang='lat' dir='ltr'>vim</span> <span class='ocrx_word' id='word_1_394' title='bbox 1671 2701 1811 2746; x_wconf 84' lang='lat' dir='ltr'>passa</span> <span class='ocrx_word' id='word_1_395' title='bbox 1831 2686 1989 2743; x_wconf 75' lang='lat' dir='ltr'>fuerit,</span> 
     </span>
     <span class='ocr_line' id='line_1_39' title="bbox 108 2747 1989 2808; baseline -0.002 -15"><span class='ocrx_word' id='word_1_396' title='bbox 108 2749 360 2808; x_wconf 81' lang='lat' dir='ltr'>etreliqua</span> <span class='ocrx_word' id='word_1_397' title='bbox 391 2762 515 2808; x_wconf 78' lang='lat' dir='ltr'>quae</span> <span class='ocrx_word' id='word_1_398' title='bbox 542 2762 599 2796; x_wconf 82' lang='lat' dir='ltr'>ex</span> <span class='ocrx_word' id='word_1_399' title='bbox 627 2750 765 2796; x_wconf 85' lang='lat' dir='ltr'>huius</span> <span class='ocrx_word' id='word_1_400' title='bbox 795 2749 1016 2797; x_wconf 77' lang='lat' dir='ltr'>historiae</span> <span class='ocrx_word' id='word_1_401' title='bbox 1054 2749 1132 2795; x_wconf 80' lang='lat' dir='ltr'>iilo</span> <span class='ocrx_word' id='word_1_402' title='bbox 1170 2751 1246 2804; x_wconf 91' lang='grc' dir='ltr'><strong>(Β.</strong></span> <span class='ocrx_word' id='word_1_403' title='bbox 1277 2747 1456 2801; x_wconf 75' lang='lat' dir='ltr'>ordine)</span> <span class='ocrx_word' id='word_1_404' title='bbox 1493 2749 1785 2795; x_wconf 83' lang='lat' dir='ltr'>deduximus.</span> <span class='ocrx_word' id='word_1_405' title='bbox 1837 2748 1989 2805; x_wconf 80' lang='lat' dir='ltr'>Atque</span> 
     </span>
     <span class='ocr_line' id='line_1_40' title="bbox 108 2805 1990 2867; baseline -0.003 -12"><span class='ocrx_word' id='word_1_406' title='bbox 108 2809 223 2855; x_wconf 74' lang='lat' dir='ltr'>adeo</span> <span class='ocrx_word' id='word_1_407' title='bbox 251 2816 479 2866; x_wconf 85' lang='lat' dir='ltr'>apparet,</span> <span class='ocrx_word' id='word_1_408' title='bbox 514 2807 646 2864; x_wconf 65' lang='grc' dir='ltr'><strong><em>ἐρισι</em></strong></span> <span class='ocrx_word' id='word_1_409' title='bbox 672 2809 725 2854; x_wconf 71' lang='lat' dir='ltr'>in</span> <span class='ocrx_word' id='word_1_410' title='bbox 743 2808 955 2867; x_wconf 74' lang='lat' dir='ltr'>Scyllam</span> <span class='ocrx_word' id='word_1_411' title='bbox 980 2809 1214 2860; x_wconf 71' lang='lat' dir='ltr'>incidere,</span> <span class='ocrx_word' id='word_1_412' title='bbox 1253 2808 1495 2864; x_wconf 75' lang='lat' dir='ltr'>cupientes</span> <span class='ocrx_word' id='word_1_413' title='bbox 1521 2807 1676 2852; x_wconf 70' lang='lat' dir='ltr'>vitare</span> <span class='ocrx_word' id='word_1_414' title='bbox 1706 2805 1990 2862; x_wconf 69' lang='lat' dir='ltr'>Charybdim</span> 
     </span>
     <span class='ocr_line' id='line_1_41' title="bbox 106 2868 1986 2927; baseline -0.002 -12"><span class='ocrx_word' id='word_1_415' title='bbox 106 2868 180 2922; x_wconf 88' lang='grc' dir='ltr'><strong>(Β.</strong></span> <span class='ocrx_word' id='word_1_416' title='bbox 212 2869 432 2915; x_wconf 84' lang='lat' dir='ltr'>homines</span> <span class='ocrx_word' id='word_1_417' title='bbox 461 2870 727 2927; x_wconf 82' lang='lat' dir='ltr'>imperitos,</span> <span class='ocrx_word' id='word_1_418' title='bbox 762 2871 875 2915; x_wconf 83' lang='lat' dir='ltr'>dum</span> <span class='ocrx_word' id='word_1_419' title='bbox 906 2871 1054 2916; x_wconf 85' lang='lat' dir='ltr'>nodos</span> <span class='ocrx_word' id='word_1_420' title='bbox 1080 2869 1264 2916; x_wconf 83' lang='lat' dir='ltr'>solvere</span> <span class='ocrx_word' id='word_1_421' title='bbox 1291 2869 1502 2926; x_wconf 76' lang='lat' dir='ltr'>student,</span> <span class='ocrx_word' id='word_1_422' title='bbox 1531 2870 1579 2914; x_wconf 87' lang='lat' dir='ltr'>in</span> <span class='ocrx_word' id='word_1_423' title='bbox 1617 2869 1735 2915; x_wconf 85' lang='lat' dir='ltr'>alios</span> <span class='ocrx_word' id='word_1_424' title='bbox 1764 2869 1986 2925; x_wconf 85' lang='lat' dir='ltr'>incidere,</span> 
     </span>
     <span class='ocr_line' id='line_1_42' title="bbox 105 2927 1988 2988; baseline -0.002 -13"><span class='ocrx_word' id='word_1_425' title='bbox 105 2939 303 2988; x_wconf 77' lang='lat' dir='ltr'>remque</span> <span class='ocrx_word' id='word_1_426' title='bbox 322 2929 472 2986; x_wconf 72' lang='lat' dir='ltr'>magis</span> <span class='ocrx_word' id='word_1_427' title='bbox 491 2929 709 2976; x_wconf 86' lang='lat' dir='ltr'>intricare</span> <span class='ocrx_word' id='word_1_428' title='bbox 729 2934 775 2975; x_wconf 92' lang='lat' dir='ltr'>et</span> <span class='ocrx_word' id='word_1_429' title='bbox 792 2929 1065 2976; x_wconf 85' lang='lat' dir='ltr'>dilacerare.</span> <span class='ocrx_word' id='word_1_430' title='bbox 1096 2927 1235 2975; x_wconf 77' lang='lat' dir='ltr'>Gall-2</span> <span class='ocrx_word' id='word_1_431' title='bbox 1256 2941 1311 2974; x_wconf 91' lang='lat' dir='ltr'>ce</span> <span class='ocrx_word' id='word_1_432' title='bbox 1329 2929 1409 2987; x_wconf 78' lang='lat' dir='ltr'>qui</span> <span class='ocrx_word' id='word_1_433' title='bbox 1433 2930 1516 2975; x_wconf 76' lang='lat' dir='ltr'>fait</span> <span class='ocrx_word' id='word_1_434' title='bbox 1534 2930 1633 2975; x_wconf 88' lang='lat' dir='ltr'>voir</span> <span class='ocrx_word' id='word_1_435' title='bbox 1654 2929 1834 2987; x_wconf 78' lang='lat' dir='ltr'>quoles</span> <span class='ocrx_word' id='word_1_436' title='bbox 1855 2928 1988 2984; x_wconf 74' lang='lat' dir='ltr'>igno-</span> 
     </span>
    </p>
   </div>
   <div class='ocr_carea' id='block_1_11' title="bbox 103 2987 1988 3105">
    <p class='ocr_par' dir='ltr' id='par_1_11' title="bbox 103 2987 1988 3105">
     <span class='ocr_line' id='line_1_43' title="bbox 103 2987 1988 3105; baseline -0.003 -69"><span class='ocrx_word' id='word_1_437' title='bbox 103 2999 217 3098; x_wconf 60' lang='lat' dir='ltr'>fans⁶</span> <span class='ocrx_word' id='word_1_438' title='bbox 236 2989 537 3105; x_wconf 49' lang='grc' dir='ltr'>ςίῖῖἷουιὲἳιι</span> <span class='ocrx_word' id='word_1_439' title='bbox 562 2990 770 3036; x_wconf 85' lang='lat' dir='ltr'>d&#39;autant</span> <span class='ocrx_word' id='word_1_440' title='bbox 796 2989 900 3046; x_wconf 82' lang='lat' dir='ltr'>plus</span> <span class='ocrx_word' id='word_1_441' title='bbox 929 2991 1045 3036; x_wconf 82' lang='lat' dir='ltr'>dans</span> <span class='ocrx_word' id='word_1_442' title='bbox 1073 2988 1141 3035; x_wconf 86' lang='lat' dir='ltr'>les</span> <span class='ocrx_word' id='word_1_443' title='bbox 1161 2987 1440 3046; x_wconf 79' lang='lat' dir='ltr'>difficultes,</span> <span class='ocrx_word' id='word_1_444' title='bbox 1476 2988 1615 3047; x_wconf 81' lang='lat' dir='ltr'>qu&#39;ils</span> <span class='ocrx_word' id='word_1_445' title='bbox 1633 2987 1907 3036; x_wconf 71' lang='lat' dir='ltr'>s&#39;efforcent</span> <span class='ocrx_word' id='word_1_446' title='bbox 1926 2987 1988 3032; x_wconf 87' lang='lat' dir='ltr'>de</span> 
     </span>
     <span class='ocr_line' id='line_1_44' title="bbox 120 3063 527 3098; baseline -0.015 0"><span class='ocrx_word' id='word_1_447' title='bbox 120 3063 171 3098; x_wconf 80' lang='lat' dir='ltr'>es</span> <span class='ocrx_word' id='word_1_448' title='bbox 218 3063 263 3096; x_wconf 74' lang='lat' dir='ltr'>vi</span> <span class='ocrx_word' id='word_1_449' title='bbox 366 3080 379 3095; x_wconf 88' lang='lat'>.</span> <span class='ocrx_word' id='word_1_450' title='bbox 514 3079 527 3092; x_wconf 88' lang='lat'>.</span> 
     </span>
    </p>
   </div>
  </div>
 </body>
</html>
