2350 3475
867 148 1007 194 car.
1059 147 1155 194 111.
1534 135 1542 148 '
1726 211 1728 216 .
1876 147 1950 206 5!

72 332 283 398 (nempe
303 335 568 396 quatenus
583 329 730 380 Deus
748 342 842 395 per
861 341 1044 378 causas
1063 326 1283 380 latentes
1302 334 1553 392 externas,
1577 333 1629 380 at
1646 342 1751 380 non
1771 335 1959 395 quate-

74 423 170 460 nus
197 422 292 475 per
317 406 603 458 humanam
631 413 868 458 naturam
887 413 938 457 et
956 413 1183 458 mentem
1213 405 1350 471 agit)
1378 420 1482 458 non
1511 406 1753 460 admirari
1784 413 1835 458 et
1860 407 1961 458 ad—

77 501 240 547 orare;
281 481 710 552 quandoquidem
739 483 841 549 ipsi
871 481 996 533 nihil
1023 482 1127 534 nisi
1159 483 1441 534 admodum
1476 485 1880 551 inexspectatum
1908 491 1961 536 et

77 571 267 628 praeter
287 562 591 630 opinionem
611 561 846 626 contigit3
879 558 1019 627 quod
1039 573 1212 612 revera
1232 561 1387 612 etiam
1406 574 1500 628 pro
1520 561 1763 612 miraculo
1783 561 1961 614 haberi

78 646 262 706 potest.

174 719 258 768 16.
297 717 402 769 Per
429 715 526 766 hoc
553 715 708 780 igitur
733 721 935 766 tantum
963 717 1199 766 nationes
1226 713 1291 766 ab
1314 715 1532 766 invicem
1551 715 1957 782 distinguuntur,

77 807 256 860 nempe
287 795 488 844 ratione
519 793 778 844 societatis
805 798 857 842 et
884 792 1085 858 legum,
1129 792 1229 844 sub
1249 791 1446 858 quibus
1465 794 1642 844 vivunt
1659 801 1711 845 et
1728 793 1963 859 dirigun-

76 879 182 934 tur3
218 872 458 936 adeoque
475 869 712 921 Hebraea
730 869 872 920 natio
893 883 996 920 non
1025 870 1222 921 ratione
1250 870 1563 933 intellectae,
1604 885 1773 937 neque
1801 870 1962 922 animi

75 947 456 1014 tranquillitatis
477 961 508 998 a
525 947 634 998 Deo
653 959 776 1013 prae
795 947 978 998 ceteris
1007 945 1166 1000 electa
1193 947 1321 1010 fuit,
1360 947 1455 1000 sed
1481 949 1674 999 ratione
1704 947 1962 999 societatis

72 1033 118 1075 et
143 1025 417 1086 fortunae,
458 1038 560 1089 qua
589 1024 864 1088 imperium
894 1023 1074 1090 adepta
1102 1032 1185 1075 est
1211 1039 1416 1090 quaque
1433 1025 1485 1075 id
1507 1027 1680 1091 ipsum
1699 1030 1775 1076 tot
1791 1038 1960 1076 annos

72 1103 300 1153 retinuit.
380 1101 463 1153 17.
505 1100 658 1163 Quod
680 1100 832 1152 etiam
852 1114 911 1151 ex
930 1101 1044 1168 ipsa
1065 1102 1329 1168 Scriptura
1350 1109 1506 1167 quam
1529 1101 1811 1152 clarissime
1828 1115 1959 1153 eon-

70 1184 187 1229 stat.
261 1179 322 1230 si
351 1179 471 1244 quis
500 1178 640 1228 enirn
668 1178 837 1243 ipsam
866 1176 944 1229 vel
972 1178 1148 1228 leviter
1174 1179 1454 1244 percurrit,
1494 1178 1629 1228 clare
1648 1176 1811 1239 videt,
1848 1179 1961 1229 He-

69 1255 250 1307 braeos
269 1257 326 1306 in
343 1255 442 1306 hoc
459 1253 572 1305 solo
591 1262 786 1306 ceteras
806 1257 1044 1306 nationes
1066 1254 1367 1305 excelluisse
1380 1292 1394 1314 ,
1417 1254 1557 1316 quod
1579 1267 1660 1303 res
1680 1265 1805 1304 suas
1824 1268 1958 1320 quae

69 1332 131 1383 ad
157 1334 296 1384 vitae
324 1333 652 1383 securitatem
680 1325 962 1397 pertinent,
1006 1331 1222 1382 feliciter
1238 1329 1491 1396 gesserint
1508 1343 1795 1395 magnaque
1815 1332 1958 1396 perl-

71 1410 182 1460 cula
211 1409 655 1474 exsuperaverint‚
695 1409 855 1475 idque
887 1410 1106 1459 maxime
1135 1406 1247 1458 solo
1272 1406 1368 1456 Dei
1402 1411 1607 1455 externo
1642 1405 1855 1468 auxilio,
1896 1408 1953 1458 in

69 1486 281 1553 reliquis
309 1494 482 1537 autem
510 1488 692 1538 ceteris
721 1485 964 1552 aequales
994 1485 1184 1545 fuisse,
1224 1487 1275 1532 et
1303 1482 1469 1531 Deum
1510 1480 1754 1532 omnibus
1789 1496 1955 1549 aeque

71 1565 374 1630 propitium.
449 1563 535 1614 18.
574 1565 705 1616 Nam
731 1564 928 1615 ratione
957 1561 1247 1614 intellectus
1271 1565 1471 1609 constat
1500 1557 1669 1623 (utin
1699 1562 1955 1627 superiori

74 1642 232 1707 capite
269 1640 666 1708 ostendimus),
725 1653 814 1692 eos
851 1641 917 1692 de
953 1642 1061 1690 Deo
1095 1645 1146 1686 et
1182 1640 1363 1685 natura
1401 1635 1637 1701 vulgares
1673 1636 1953 1689 admodum

75 1717 404 1781 cogitationes
434 1716 704 1770 habuisse.
777 1718 946 1782 Quare
983 1714 1174 1767 ratione
1208 1710 1503 1765 intellectus
1541 1728 1644 1766 non
1684 1713 1891 1766 fuerunt
1925 1731 1956 1767 a

14 1810 16 1821 ·
75 1796 176 1845 Deo
196 1810 320 1861 prae
341 1796 524 1846 ceteris
544 1796 718 1855 electi;
761 1802 811 1846 at
837 1808 931 1846 nec
955 1792 1106 1843 etiam
1127 1790 1324 1840 ratione
1341 1790 1541 1842 virtutis
1560 1799 1611 1842 et
1630 1806 1777 1843 verae
1794 1793 1950 1853 vitae;

77 1871 164 1922 hae
181 1874 324 1923 enim
343 1874 398 1922 in
420 1886 473 1922 re
493 1874 647 1923 etiam
668 1872 879 1937 reliquis
902 1865 1142 1933 gentibus
1160 1866 1405 1932 aequales
1423 1866 1634 1920 fuerunt
1652 1877 1702 1920 et
1719 1883 1824 1920 non
1852 1870 1955 1920 nisi

13 1990 18 2011 ι
76 1950 372 2014 paucissimi
401 1949 564 2000 electi.
640 1950 722 2002 19.
759 1947 950 1997 Eorum
978 1942 1137 2009 igitur
1164 1942 1345 1995 electio
1366 1950 1417 1996 et
1435 1946 1629 1997 vocatio
1646 1947 1701 1996 in
1724 1946 1834 1998 sola
1852 1948 1954 1997 im-

75 2028 194 2091 perii
233 2034 566 2093 temporanea
601 2024 836 2075 felicitate
873 2026 923 2069 et
949 2019 1241 2071 commodis
1268 2022 1523 2083 constitlt3
1563 2035 1660 2073 nec
1695 2022 1947 2087 videmuS,

76 2104 208 2169 quod
234 2104 384 2155 Deus
409 2100 769 2168 patriarchis*)
805 2103 894 2146 aut
929 2109 1108 2149 eorum
1144 2096 1539 2149 successoribus
1576 2098 1719 2149 aliud
1754 2106 1954 2165 praeter

73 2180 162 2231 hoc
179 2179 504 2247 promiserim
543 2177 649 2226 imo
670 2175 722 2225 in
743 2174 853 2237 lege
872 2187 964 2239 pro
988 2172 1283 2226 obedientia
1304 2174 1430 2225 nihil
1451 2174 1591 2226 aliud
1609 2176 1945 2241 promittitur,

71 2272 222 2322 quam
241 2254 444 2319 imperii
464 2254 703 2304 continua
722 2249 942 2301 felicitas
964 2256 1016 2301 et
1033 2251 1230 2316 reliqua
1252 2252 1409 2304 huius
1425 2254 1557 2304 vitae
1577 2252 1868 2314 commoda,
1900 2260 1951 2303 et

70 2341 238 2385 contra
258 2343 354 2395 pro
376 2327 695 2381 contumacia
715 2328 957 2392 pactique
975 2328 1219 2394 ruptione
1236 2329 1437 2395 imperii
1456 2330 1608 2380 ruina
1628 2330 1949 2397 maximaque

69 2405 410 2461 incommoda.
483 2408 570 2459 20.
607 2404 714 2456 Nec
739 2404 958 2463 mirum;
1003 2420 1124 2455 nam
1153 2404 1274 2457 finis
1300 2407 1571 2459 universae
1606 2406 1862 2457 societatis
1899 2414 1951 2457 et

67 2483 267 2549 imperii
286 2490 368 2533 est
385 2482 467 2547 (ut
487 2494 545 2532 ex
563 2478 719 2531 modo
737 2480 890 2532 dictis
910 2487 1048 2547 patet
1067 2489 1118 2533 et
1137 2484 1192 2533 in
1216 2484 1553 2548 sequentibus
1573 2483 1743 2535 fusius
1762 2490 1946 2535 osten-

65 2559 278 2627 demus)
297 2571 478 2609 seenre
497 2562 550 2607 et
567 2556 836 2609 commode
856 2558 1046 2620 vivere;
1080 2560 1357 2626 imperium
1380 2567 1549 2613 autem
1570 2575 1673 2613 non
1692 2559 1796 2612 nisi
1814 2559 1949 2626 legl-

63 2637 188 2699 buS,
231 2634 428 2703 quihus
457 2635 827 2701 unusquisque
863 2640 1125 2699 teneatur,
1166 2636 1453 2687 subsistere
1489 2645 1687 2705 potest:
1726 2637 1866 2703 quod
1902 2640 1949 2689 si

63 2715 234 2767 omnia
263 2712 428 2764 nnius
455 2712 716 2763 societatis
744 2711 978 2766 membra
997 2712 1198 2781 legibus
1218 2712 1507 2766 ‘valedicere
1524 2715 1707 2780 velint,
1750 2729 1811 2767 eo
1830 2716 1947 2782 ipso

162 2934 202 2985 ⁸)
242 2930 412 2978 Genea.
431 2944 538 2988 σαι).
557 2934 624 2977 ¹5.
653 2937 896 2989 narratur,
925 2935 1052 2990 quod
1072 2934 1200 2978 Deus
1219 2932 1485 2978 Abrahamo
1510 2934 1702 2992 dixerit,
1731 2947 1783 2981 se
1800 2935 1947 2991 ipsius

65 3006 166 3038 esse
199 2992 502 3038 defensorem
539 2999 588 3038 et
620 2993 1046 3039 remunerationem
1083 2993 1301 3038 daturum
1330 2992 1536 3049 amplam
1572 2994 1851 3052 admodum3
1886 2995 1947 3039 ad

65 3066 184 3110 quae
210 3050 533 3107 Abi-algemus,
571 3051 662 3097 sibi
697 3052 838 3107 nihil,
876 3054 1002 3110 quod
1030 3053 1229 3098 alieuius
1256 3058 1417 3109 posset
1444 3054 1669 3100 momenti
1698 3064 1826 3109 osae,
1864 3064 1947 3098 ex-

64 3113 369 3173 spectandum
381 3145 397 3174 ‚
418 3113 531 3171 qula
549 3118 769 3171 provecta
789 3112 884 3161 iam
901 3118 1141 3163 senectute
1159 3112 1305 3169 orb'us
1325 3117 1441 3167 erat.
1498 3110 1585 3167 Sp.

1443 3183 1522 3235 4*
