2350 3475
384 144 422 205 6
786 149 1179 195 TRACTATUS
1217 146 1616 195 THEomGlco
1630 177 1654 187 -
1664 150 1873 196 POLIT.

380 328 508 381 nihil
538 328 769 381 libertate
799 328 968 381 carius
996 341 1092 380 nec
1123 326 1330 381 dulcius
1361 328 1605 393 habetur,
1647 344 1731 379 me
1760 344 1869 380 rem
1888 342 1993 379 non
2012 327 2283 392 ingratam

379 420 549 473 neque
577 406 816 457 inutilem
853 405 1107 457 facturum
1145 407 1373 469 credidi,
1417 408 1463 459 si
1502 406 1823 459 ostenderem
1863 406 2022 456 hanc
2056 404 2285 457 liber-

385 490 441 535 ta
458 492 577 535 tem
613 496 739 535 non
775 491 1024 535 tantum
1061 483 1243 537 salva
1278 486 1524 552 pietate
1560 491 1621 534 et
1666 481 2071 549 reipublicae
2114 496 2195 549 pa
2212 498 2289 533 ce

379 560 679 623 concedi,
721 562 837 614 sed
865 564 1140 629 insuper
1165 562 1429 613 eandem
1457 577 1492 612 n
1510 575 1585 611 on
1615 561 1744 611 nisi
1773 573 1910 610 cum
1944 561 2089 626 ipsa
2116 574 2291 626 pace

377 636 793 703 reipublicae
827 653 896 691 ac
931 639 1190 706 pietate'
1210 638 1355 690 tolli
1392 652 1603 705 posse.
1678 638 1763 691 13.
1798 636 1973 702 Atque
1995 636 2091 689 hoc
2118 652 2291 704 prae—-

379 716 592 780 eipuum
611 723 718 778 est,
759 716 899 782 quod
920 718 973 767 in
995 716 1093 767 hoc
1113 720 1331 767 tractatu
1352 715 1706 766 demonstrare
1727 714 1999 774 constitui;
2041 713 2106 765 ad
2126 716 2284 780 quod

357 792 610 857 apprime
640 806 852 845 necesse
883 793 1008 853 init,
1048 795 1407 859 praecipua
1446 792 1614 842 circa
1651 791 2039 857 religionem
2076 805 2189 858 pra
2208 807 2287 842 e·-

377 868 626 920 iudicia
638 908 655 934 ,
705 869 802 920 hoc
837 878 917 921 est
931 910 945 932 ,
995 871 1241 935 antiquae
1290 868 1550 919 servitutis
1594 869 1801 933 vestigia
1847 867 2076 919 indicare
2092 905 2106 930 ,
2156 876 2283 921 tum

377 946 533 997 etiam
580 947 993 1013 praeiudicia
1039 947 1208 997 circa
1253 959 1647 996 summarum
1694 950 2097 1010 potestatum
2134 946 2283 1009 iuS‚

377 1023 521 1087 quod
541 1022 687 1074 multi
705 1025 1072 1089 procacissima
1090 1022 1317 1088 quadam
1336 1019 1543 1073 licentia
1564 1036 1747 1087 magna
1767 1036 1827 1073 ex
1848 1028 1995 1088 parte
2024 1022 2283 1089 arripere,

377 1107 430 1150 et
457 1102 632 1165 specie
659 1100 920 1166 religionis
950 1099 1299 1151 multitudinis
1320 1099 1554 1149 animum
1572 1138 1586 1160 ,
1626 1099 1894 1164 gentilium
1916 1100 2285 1164 superstitioni

377 1175 548 1228 adhuc
575 1175 884 1238 obnoxium,
920 1176 987 1227 ab
1019 1176 1207 1227 iisdem
1238 1183 1461 1228 avertere
1488 1177 1726 1237 student,
1766 1190 1873 1242 quo
1891 1177 2061 1227 omnia
2082 1177 2285 1227 iterum

375 1253 432 1304 in
453 1254 715 1305 servitium
735 1262 905 1305 ruant.
977 1255 1120 1306 Haec
1139 1261 1313 1304 autem
1333 1267 1439 1319 quo
1459 1252 1639 1304 ordine
1672 1252 2020 1304 ostenduntur
2034 1292 2049 1313 ,
2090 1254 2283 1318 paucis

303 1340 314 1371 ί
377 1332 482 1381 iam
499 1329 689 1382 dicam.
728 1332 830 1384 Sed
853 1332 996 1397 prius
1017 1344 1221 1395 causae,
1240 1344 1375 1397 quae
1389 1345 1471 1381 me
1488 1329 1553 1381 ad
1572 1329 1907 1382 scribendum
1927 1329 2280 1395 impulerunt,

260 2654 274 2666 ⁸
377 2637 576 2688 strandi
603 2637 846 2702 incessit,
885 2644 936 2689 et
961 2653 1106 2690 amor
1132 2638 1339 2691 divinae
1360 2638 1621 2703 religionis
1641 2637 2001 2702 propagandae
2019 2637 2075 2688 iu
2098 2637 2283 2688 sordi-

379 1406 596 1459 docebo.

316 1475 319 1479 ’
483 1484 567 1537 14.
611 1486 833 1537 Miratus
871 1498 1026 1551 saepe
1064 1484 1168 1546 fui,
1209 1482 1349 1548 quod
1388 1484 1657 1544 nominee,
1696 1485 1788 1549 qui
1825 1497 1883 1534 se
1922 1483 2279 1534 Christianam
2337 1440 2344 1493 ἵ

377 1561 677 1626 religionem
696 1559 1160 1628 profiteriiactant,
1199 1559 1299 1611 hoe
1318 1567 1421 1621 est,
1460 1575 1714 1622 amorem,
1754 1560 2023 1625 gaudium,
2063 1573 2277 1624 pacem,

379 1638 749 1688 continentiam
770 1644 820 1687 et
839 1650 956 1702 erga
964 1651 1160 1712 ‘mnes
1182 1635 1358 1698 iidem,
1397 1636 1518 1703 plus
1538 1650 1693 1701 quam
1714 1636 1893 1702 iniquo
1912 1636 2083 1687 animo
2104 1643 2284 1687 certa-

377 1720 492 1766 rent
509 1721 561 1764 et
579 1712 977 1766 acerbissimum
994 1714 1049 1765 in
1067 1714 1285 1766 invicem
1306 1711 1488 1765 odium
1508 1714 1738 1779 quotidie
1766 1720 2054 1765 exercerent
2067 1752 2081 1775 ,
2120 1713 2197 1764 ita
2219 1722 2280 1765 ut

378 1790 584 1842 facilius
619 1805 678 1842 ex
708 1789 820 1853 his,
859 1805 1018 1856 quam
1047 1789 1179 1852 illis,
1220 1790 1351 1844 fides
1381 1791 1798 1856 uniuscuiusque
1827 1797 2088 1842 noscatur.
2159 1793 2281 1842 Iam

377 1867 579 1918 dudum
600 1869 739 1918 enim
761 1880 844 1918 res
864 1881 926 1918 eo
945 1868 1193 1933 pervenit;
1232 1874 1293 1918 ut
1310 1868 1716 1928 neminem-fere,
1756 1868 1997 1932 quisnam
2018 1867 2106 1929 sit,
2140 1882 2277 1918 num

378 1944 574 1996 scilicet
591 1945 937 2008 Christianus,
967 1946 1150 2004 Turca‚
1181 1944 1409 1995 Iudaeus
1428 1944 1505 1995 vel
1524 1943 1798 2007 EthnicuS‚
1836 1957 2050 1995 noscere
2069 1947 2276 2009 possis,

378 2021 558 2072 nisiex
579 2022 810 2088 corporis
837 2029 1042 2072 externo
1072 2020 1253 2072 habitu
1283 2027 1336 2072 et
1364 2022 1536 2084 cultu,
1574 2021 1652 2074 vel
1680 2021 1820 2087 quod
1851 2020 1988 2071 haue
2008 2027 2098 2070 aut
2126 2019 2277 2071 illam

377 2098 647 2150 ecclesiam
668 2099 989 2164 frequentat,
1024 2098 1102 2149 vel
1120 2098 1374 2163 denique,
1416 2098 1557 2165 quod
1578 2098 1697 2149 huic
1716 2105 1806 2149 aut
1823 2097 1898 2151 illi
1916 2099 2148 2162 opinioni
2175 2098 2280 2148 ad-

377 2174 548 2226 dictus
579 2183 660 2227 est
687 2176 810 2226 etin
830 2174 984 2227 verba
1005 2175 1227 2226 alicuius
1249 2177 1475 2242 magistri
1497 2177 1664 2226 iurare
1682 2175 1834 2226 solet.
1906 2175 2147 2226 Ceterum
2170 2177 2279 2226 vita

377 2251 556 2303 eadem
578 2251 823 2304 omnibus
841 2259 942 2303 est.
1017 2253 1102 2304 15.
1140 2253 1315 2304 Huius
1332 2254 1488 2319 igitur
1507 2252 1628 2303 mali
1651 2267 1862 2304 causam
1882 2265 2139 2316 quaerens
2162 2267 2275 2303 non

379 2329 628 2392 dubitavi,
660 2330 788 2395 quin
808 2329 930 2380 inde
948 2337 1122 2380 ortum
1140 2330 1314 2392 fuerit,
1338 2331 1479 2396 quod
1502 2329 1749 2381 ecclesiae
1769 2329 2073 2391 ministeria,
2097 2327 2279 2395 digni·
2336 2353 2338 2356 ⁴

377 2413 507 2458 tates
533 2417 585 2458 et
613 2407 727 2457 eius
756 2406 920 2459 officia
940 2405 1493 2459 -beneficia'aestimare
1521 2414 1572 2457 et
1592 2413 1825 2472 pastores
1846 2420 2051 2457 summo
2068 2404 2279 2457 honore

375 2482 566 2534 hahere
582 2522 596 2545 ,
631 2482 786 2549 vulgo
805 2484 1036 2550 religioni
1057 2483 1178 2536 fuit.
1252 2483 1479 2536 Simulat:
1500 2483 1637 2534 enim
1658 2481 1741 2534 hic
1760 2481 1961 2534 abusus
1979 2483 2033 2534 in
2053 2482 2281 2535 ecclesia

376 2561 596 2626 incepit,
635 2562 808 2612 statim
839 2562 1067 2626 pessimo
1096 2563 1285 2626 cuique
1311 2562 1495 2626 ingens
1514 2559 1679 2610 libido
1698 2573 1840 2610 sacra
1860 2558 2022 2611 officia
2042 2559 2281 2610 adminiq

374 2713 500 2778 ⁸dam
527 2715 789 2765 avaritiam
819 2721 870 2765 et
897 2714 1259 2779 ambitionem,
1296 2722 1450 2780 atque
1475 2715 1545 2764 ita
1574 2715 1750 2779 ipsum
1772 2713 2024 2778 templum
2043 2714 2100 2764 in
2121 2712 2285 2765 thea-
2322 2710 2337 2770 l

379 2797 518 2840 trum
540 2790 882 2856 degeneravit,
924 2792 1015 2841 ubi
1035 2806 1139 2842 non
1161 2792 1491 2843 ecclesiastici
1511 2790 1770 2852 doctore3‚
1808 2789 1904 2841 sed
1922 2796 2152 2841 oratores
2174 2806 2280 2842 au-

379 2867 684 2928 diebantur,
723 2881 944 2932 quorum
975 2882 1130 2919 nemo
1159 2867 1413 2920 desiderio
1443 2866 1715 2919 tenebatur
1742 2866 1995 2934 populum
2025 2865 2273 2930 docendi,

381 2945 472 2996 sed
503 2942 726 2995 eundem
757 2946 812 2996 in
833 2945 1225 2997 admirationem
1246 2933 1329 2996 aui
1348 2944 1577 3011 rapiendi
1598 2952 1648 2996 et
1669 2943 2036 2996 dissentientes
2055 2942 2278 3011 publice
2332 2951 2334 3029 J

381 3021 651 3086 carpendi,
693 3029 746 3073 et
771 3036 829 3100 ea
857 3029 1054 3073 tantum
1075 3022 1321 3084 docendi,
1364 3036 1495 3087 quae
1516 3035 1645 3074 nova
1664 3037 1723 3074 ac
1742 3019 1950 3074 insolita
1968 3061 1982 3084 ‚
2024 3035 2277 3088 quaeque

381 3098 565 3165 vulgus
587 3099 804 3151 maxime
821 3099 1176 3151 admiraretur.
1235 3099 1382 3152 Unde
1398 3099 1627 3167 proiecto
1647 3112 1863 3167 magnae
1880 3100 2277 3164 contentiones,

2330 3199 2332 3291 Ι
