2350 3475
838 125 974 172 car».
1029 124 1164 172 xvr.
1530 161 1541 168 .
1818 119 1943 178 219

51 301 182 353 satis
213 307 459 363 testatur,
499 298 842 365 certm'est,
873 301 1016 368 qnod
1046 303 1096 354 si
1123 315 1277 354 namo
1306 313 1545 354 nmmo
1566 301 1809 367 potestati
1836 299 1951 352 inre

51 386 322 436 teneretur
357 379 712 446 obtemperare
747 381 802 432 in
839 379 932 442 iis,
973 379 1249 446 quaeipse
1274 377 1341 430 ad
1368 378 1667 444 religionem
1694 378 1949 444 pertinere

52 463 232 520 putat,
273 462 385 510 tum
405 458 489 508 ius
510 457 729 508 civitatis
749 471 780 507 a
800 454 1002 508 diverso
1021 457 1438 522 uniuscuiusque
1466 454 1658 507 iudicio
1686 461 1741 505 ct
1764 453 1953 506 affectu

53 533 329 597 penderet.
407 534 492 586 63.
529 534 661 585 Nam
681 547 834 586 nemo
863 533 1045 584 eodem
1073 539 1359 596 teneretur,
1402 532 1491 599 qui
1518 532 1572 584 id
1604 540 1777 584 contra
1801 544 1950 582 suam

52 608 214 658 tidem
237 615 291 660 et
309 611 737 677 superstitionem
757 616 1008 661 statutum
1029 610 1303 674 iudicaret,
1338 617 1495 677 atque
1513 609 1641 660 adeo
1660 607 1953 673 unusquis-

14 701 16 716 =
53 700 158 750 que
202 685 304 741 sub
343 687 440 740 hoc
477 693 740 754 praetextu
781 688 1037 740 licentiam
1075 688 1139 739 ad
1174 688 1351 742 omnia
1373 699 1597 738 sumere
1642 691 1819 752 posset
1831 700 1846 746 ς
1904 689 1955 736 et

55 761 486 827 quandoquidem
534 763 628 816 bac
674 765 868 816 ratione
903 765 988 816 ius
1025 765 1245 816 civitatis
1281 778 1496 831 prorsus
1534 761 1778 825 violatur,
1834 761 1955 811 hinc

56 840 328 904 sequitur,
366 855 602 892 summae
632 841 900 907 potestati,
938 841 1020 892 cui
1050 840 1147 892 soli
1179 843 1291 893 iura
1327 841 1529 907 imperii
1566 852 1865 892 conservare
1904 841 1957 887 et

57 917 216 968 tutari
257 924 365 968 tam
405 918 516 968 iure
553 917 750 981 divino,
793 932 949 984 qnam
987 917 1209 969 naturali
1246 917 1528 980 incumbit,
1568 917 1652 968 ins
1688 927 1955 967 summum

57 995 354 1058 competere
377 993 442 1046 de
461 993 704 1060 religione
731 993 1022 1056 statuendi,
1062 994 1313 1060 quicquid
1341 994 1563 1058 iudicat,
1600 1001 1651 1046 et
1682 1006 1864 1045 omnes
1888 991 1957 1042 ad

58 1071 302 1122 eiusdem
341 1070 406 1122 de
443 1069 619 1122 eadem
651 1071 852 1124 decreta
881 1078 931 1122 et
956 1071 1227 1134 mandata,
1266 1085 1325 1122 ex
1352 1071 1453 1123 fide
1482 1072 1582 1138 ipsi
1610 1070 1757 1131 data,
1798 1081 1959 1134 quam

56 1149 204 1196 Deus
227 1148 439 1203 omnino
459 1149 648 1200 servari
669 1147 839 1210 iubet,
879 1146 1232 1214 obtemperare
1261 1148 1442 1200 teneri.
1514 1149 1601 1200 64.
1640 1145 1793 1210 Quod
1824 1146 1869 1196 si
1899 1145 1954 1205 ii,

13 1261 26 1272 .
59 1224 150 1288 qui
191 1237 461 1274 summum
502 1231 677 1277 tenent
713 1225 1017 1292 imperium,
1061 1225 1166 1277 sint
1204 1224 1418 1286 ethnici,
1460 1223 1535 1276 vel
1572 1238 1692 1274 cum
1728 1223 1795 1273 iis
1831 1221 1957 1272 nihil

14 1321 16 1342 ε
60 1299 510 1363 contrahendum,
559 1300 651 1353 sed
691 1303 866 1368 potius
905 1315 1060 1367 quam
1099 1303 1184 1353 ius
1223 1302 1457 1353 suumin
1497 1315 1586 1352 eos
1624 1298 1953 1358 transferant,

60 1384 288 1427 extrema
320 1378 426 1442 pati
455 1376 876 1440 deliberandum3
916 1378 993 1429 vel
1023 1381 1069 1428 si
1101 1379 1473 1440 contraxerint,
1510 1378 1699 1444 iusque
1727 1373 1957 1426 suumin

62 1468 153 1504 eos
175 1453 552 1517 transtulerint,
579 1454 1001 1521 quandoquidem
1020 1470 1082 1526 eo
1103 1455 1218 1522 ipso
1238 1469 1296 1506 sc
1314 1455 1447 1516 iure,
1477 1451 1533 1505 se
1554 1453 1957 1520 religionemque

67 1529 415 1593 defendendi,
454 1531 806 1598 privaverunt,
847 1532 910 1582 iis
931 1532 1286 1598 obtemperare
1306 1537 1547 1584 tenentur
1564 1521 1824 1594 fidemque
1846 1541 1959 1578 ser-
1992 1579 1997 1586 ,

13 1601 24 1686 l
66 1621 188 1657 vare
203 1645 217 1669 ,
251 1606 330 1658 vel
352 1607 416 1659 ad
437 1607 488 1658 id
509 1607 651 1674 cogi,
685 1615 894 1674 excepto
913 1623 1001 1671 eo,
1033 1609 1116 1660 cui
1138 1609 1281 1660 Deus
1298 1617 1433 1660 certa
1455 1607 1759 1660 revelatione
1776 1605 1960 1668 singu-

14 1689 16 1737 i
67 1684 173 1735 lare
193 1691 372 1737 contra
391 1692 664 1753 tyrannum
685 1685 978 1752 promiserit
995 1685 1261 1749 auxilium,
1283 1686 1359 1738 vel
1372 1685 1679 1737 nominatim
1692 1689 1960 1750 exceptum

68 1762 250 1813 voluit.
325 1764 410 1814 65.
439 1756 538 1813 ‘Sic
564 1762 798 1813 videmus
829 1776 888 1813 ex
917 1770 992 1813 tot
1019 1763 1256 1829 Iudaeis,
1298 1763 1389 1829 qui
1417 1765 1469 1815 in
1498 1761 1759 1830 Babylone
1794 1768 1955 1823 crant,

14 1802 19 1873 >
67 1846 172 1890 tres
201 1844 404 1890 tantum
433 1840 676 1901 iuvenes,
715 1840 806 1904 qui
829 1838 892 1890 de
911 1840 1006 1894 Dei
1026 1840 1213 1892 auxilio
1234 1854 1335 1892 non
1354 1837 1689 1901 dubitabant,
1723 1836 1961 1891 Nabuca-

69 1912 319 1966 donozori
353 1914 704 1981 obtemperare
735 1916 967 1968 noluisse
987 1919 1061 1981 ι);
1102 1917 1286 1982 reliqui
1316 1925 1488 1969 autem
1508 1918 1621 1969 sine
1642 1914 1833 1979 dubio,
1870 1928 1963 1967 ex-

14 2032 17 2049 :
69 1997 220 2059 cepto
248 1992 402 2042 etiam
433 1991 674 2055 Daniele,
715 2008 872 2064 quern
901 2008 985 2045 rex
1014 1994 1126 2060 ipse
1165 1994 1485 2056 adoraverat,
1521 1994 1633 2044 iure
1670 1993 1827 2045 coacti
1864 1990 1965 2041 ob-

14 2064 16 2067 ’
69 2075 512 2135 temperaverunt,
563 2070 736 2121 animo
772 2070 900 2121 forte
939 2066 1260 2136 reputante5‚
1304 2084 1361 2120 se
1398 2084 1456 2121 ex
1483 2070 1579 2121 Dei
1618 2069 1820 2121 decreto
1858 2068 1963 2133 regi

71 2146 298 2205 deditos,
322 2159 600 2211 regemque
621 2160 887 2197 summum
907 2146 1140 2197 obtinere
1153 2147 1427 2211 imperium
1440 2146 1669 2199 etdivina
1684 2146 1963 2199 directione

72 2236 397 2274 conservare.
456 2224 542 2275 66.
576 2224 1073 2285 ContraEleazarus,
1106 2229 1277 2274 stante
1291 2222 1461 2274 adhuc
1480 2229 1763 2289 utcumque
1779 2222 1960 2289 patria,

72 2298 367 2365 exemplum
387 2300 700 2351 constantiae
721 2302 835 2352 suis
857 2300 976 2351 dare
991 2300 1171 2363 voluit,
1196 2308 1253 2352 ut
1272 2314 1393 2351 eum
1413 2302 1577 2352 secuti
1598 2302 1771 2351 omnia
1790 2298 1965 2365 potius

73 2376 373 2439 tolerarent,
417 2390 572 2441 quam
602 2384 922 2442 paterentur,
963 2378 1044 2428 ius
1075 2392 1231 2429 suum
1260 2383 1311 2429 et
1335 2384 1639 2444 potestatem
1669 2378 1722 2428 in
1742 2376 1964 2427 Graecos

14 2516 16 2519 y
73 2452 374 2515 transferri,
415 2459 466 2503 et
495 2453 666 2503 omnia
695 2455 1070 2520 experirentur,
1111 2468 1179 2506 ne
1200 2456 1253 2505 in
1274 2453 1593 2505 ethnicorum
1615 2452 1771 2504 fldem
1798 2452 1964 2503 iurare

14 2522 30 2599 'l
74 2538 381 2597 cogerentur
396 2530 474 2593 ²);
535 2530 675 2595 quod
721 2532 875 2581 etiam
923 2530 1222 2596 quotidiana
1270 2531 1579 2597 experientia
1614 2528 1961 2581 confirmatur.

14 2618 22 2679 ζ
75 2610 159 2661 67.
199 2608 305 2670 Qui
334 2608 471 2657 enim
501 2606 851 2658 Christianum
881 2608 1154 2673 imperinm
1186 2607 1443 2672 obtinent,
1484 2608 1547 2658 ad
1578 2607 1821 2658 maiorem
1849 2606 1965 2656 eius

14 2680 16 2693 '
75 2684 405 2736 securitatem
435 2698 540 2735 non
567 2683 808 2735 dubitant
835 2684 1020 2736 foedus
1049 2698 1166 2735 cum
1186 2686 1367 2737 Turcis
1398 2691 1449 2743 et
1476 2684 1692 2735 ethnicis
1720 2696 1963 2751 pangere,

14 2772 16 2781 ·
77 2761 426 2825 subditosque
461 2774 616 2823 suoS‚
655 2762 746 2827 qui
772 2776 834 2812 eo
861 2760 1150 2813 habitatum
1182 2768 1334 2831 eunt,
1376 2759 1583 2822 iubere,
1622 2774 1690 2812 ne
1717 2762 1985 2811 maiorem·-

79 2838 368 2891 libertatem
389 2837 454 2891 ad
473 2837 667 2903 aliquid
687 2835 972 2889 burrianum
995 2844 1084 2889 aut
1110 2837 1339 2889 divinum
1367 2836 1703 2889 exercendum
1734 2845 1982 2903 sumant,.

184 3025 230 3075 1)
259 3022 360 3067 vid.
383 3022 563 3068 Daniel.
586 3034 688 3080 cap.
708 3026 750 3069 3.
995 3058 1002 3065 .

181 3085 232 3135 2)
258 3081 357 3127 vid,
377 3084 406 3123 2
422 3082 634 3129 Maccab.
657 3095 696 3127 c.
717 3084 758 3126 6.
779 3096 822 3129 v.
842 3086 906 3126 18.
925 3095 1032 3143 sqq.
