2350 3475
384 44 504 107 178
635 41 642 58 ’·
782 49 1190 97 Tium-uus·
1209 48 1868 95 inflammo-roan.

382 227 537 284 sicuti
556 228 713 283 etiam
732 235 962 296 tempore
982 229 1230 282 Ieremiae
1247 227 1377 281 falso
1397 226 1651 281 diceretur
1667 228 1916 295 templum
1935 264 1948 288 ‚
1987 222 2129 293 Quod
2152 232 2265 278 mm

382 308 629 375 temporis
664 306 916 376 templum
943 306 1039 359 Dei
1076 313 1244 368 esset,
1285 305 1509 358 flammis
1533 306 1772 373 periisse.
1848 307 1932 359 14.
1973 304 2126 367 Quod
2153 305 2267 370 ipse

380 385 627 436 Ieremias
647 384 801 435 etiam
821 382 887 435 de
906 384 1019 449 ipsa
1040 384 1147 450 lege
1168 385 1238 434 ait
1257 384 1332 452 ¹).
1406 384 1490 433 Sic
1509 398 1734 450 namque
1756 383 1944 451 impios
1963 384 2046 435 sui
2065 390 2268 447 tempo-

383 470 733 537 ῆδῑΰῦῐθβᾶῑὲ
773 474 925 531 imit
958 471 1105 533 mn*
1142 471 1346 546 ΠἿἿΠΊ
1382 472 1570 559 nnat}
1602 473 1822 559 menn
1855 466 2080 531 i'm'ssfl
2112 472 2274 557 ‚⁸³:³25

384 582 631 672 οηεῃο
656 576 813 669 ⁸¹13&
841 585 934 658 τε»
964 540 1115 670 nim}
1146 549 1348 670 *1pr
1378 534 1642 669 nai-:133⁸
1676 534 1820 643 Quia⁸
1830 582 2040 629 ratione
2060 534 2264 631 αεοεῖιιτε

375 650 547 743 periti
561 688 741 725 sumus
752 678 808 724 ct
820 674 1027 726 Iechi
1040 676 1312 725 nobiscum
1328 679 1424 725 cst.
1458 674 1834 739 Certefimatra
1850 673 2266 737 adornata-fui&

382 751 621 803 calamus
633 752 1154 816 scribarumfluatra
1174 750 1372 817 (factus
1391 751 1524 817 cst);
1565 750 1662 801 hoc
1681 757 1786 814 est,
1815 751 1945 801 i'also
1968 749 2140 801 dicitis
2158 763 2266 807 vos,

384 828 483 881 etsi
502 828 763 893 Scriptura
784 842 946 895 penes
965 842 1055 879 vos
1086 834 1194 887 est,
1235 828 1398 893 legem
1417 829 1514 878 Dei
1544 825 1760 889 habere,
1799 837 2073 894 postquam
2103 828 2268 892 ipsam
2322 882 2323 887 ἵ

384 905 584 957 irritam
604 905 821 956 fecistis.
863 906 945 957 15.
971 906 1054 955 Sic
1068 905 1222 957 etiam
1241 918 1403 969 quum
1415 906 1594 957 Moses
1608 906 1800 971 primas
1816 904 2018 956 tabulas
2035 904 2267 970 fregit²)‚
2322 898 2323 949 ἶ

384 982 473 1033 ille
494 982 708 1033 minime
730 979 941 1034 verbum
960 982 1055 1033 Dei
1076 996 1199 1047 prae
1217 984 1291 1033 ira
1309 997 1336 1033 e
1355 981 1598 1033 manibus
1617 983 1766 1033 eiecit
1785 988 1937 1046 atque
1958 982 2104 1047 fregit
2125 981 2270 1048 (nam

385 1060 509 1125 quis
528 1058 627 1110 hoc
643 1059 709 1111 de
726 1060 875 1113 Mose
892 1066 947 1112 et
961 1059 1119 1111 verbo
1138 1060 1234 1111 Dei
1253 1059 1506 1125 suspicari
1537 1056 1748 1127 posset?
1761 1060 1804 1125 ),
1847 1057 1941 1109 sed
1968 1065 2170 1110 tantum
2195 1058 2272 1108 la·-

385 1134 556 1203 pide's,
578 1136 671 1201 qui
691 1138 927 1201 quamvis
946 1142 1095 1189 antea
1116 1138 1247 1188 sacri
1269 1143 1464 1200 essent,
1487 1138 1608 1203 quia
1627 1137 1692 1187 iis
1709 1136 2014 1201 inscriptum
2037 1142 2146 1187 erat
2165 1137 2272 1187 soe-

386 1212 519 1276 duS,
558 1210 661 1263 sub
698 1228 803 1279 quo
840 1213 1018 1265 Iudaei
1046 1216 1155 1265 Deo
1193 1213 1399 1265 obedire
1437 1228 1494 1265 se
1533 1212 1910 1279 obligaverant,
1951 1220 2122 1264 tamen
2155 1212 2272 1278 quia
2322 1250 2323 1285 ἰ

386 1298 567 1358 postca
592 1290 811 1342 vitulum
840 1290 1105 1343 adorando
1133 1298 1342 1357 pactum
1379 1289 1507 1341 illud
1545 1292 1748 1342 irritum
1786 1290 2038 1351 fecerant,
2078 1290 2272 1341 nullius

386 1381 603 1437 prorsus
633 1374 743 1419 tum
774 1376 917 1420 erant
941 1370 1250 1428 sanctitatis:
1293 1375 1343 1419 et
1367 1368 1550 1419 eadem
1575 1370 1726 1419 etiam
1758 1366 1822 1417 de
1842 1380 1998 1417 eausa
2016 1366 2272 1418 secundae

390 1460 511 1497 cum
528 1458 642 1498 arca
664 1448 829 1512 perire
848 1453 1148 1512 potuerunt.
1224 1446 1308 1497 16.
1345 1447 1459 1498 Non
1480 1446 1654 1511 itaque
1679 1444 1893 1504 mirum
1929 1444 1976 1493 si
1995 1446 2098 1496 iam
2120 1444 2274 1495 etiam
2309 1466 2324 1499 η

390 1523 559 1589 prima
592 1522 857 1587 originalia
884 1523 1053 1575 Mosis
1078 1536 1182 1573 non
1212 1529 1436 1581 exstent,
1477 1536 1646 1587 neque
1667 1518 1805 1586 quod
1827 1534 1914 1583 ea,
1957 1520 2162 1586 quaein
2183 1536 2280 1571 su-

388 1598 681 1665 perioribus
718 1598 945 1649 diximus
984 1597 1153 1661 libris,
1195 1612 1328 1663 quos
1363 1597 1643 1661 babemus,
1686 1598 2024 1665 contigerint,
2064 1598 2274 1664 quando

388 1690 568 1727 verum
592 1675 839 1742 originale
864 1675 1091 1727 foederis
1120 1676 1276 1727 divini
1306 1683 1356 1725 ct
1381 1676 1614 1726 omnium
1644 1675 2033 1727 sanctissimum
2057 1675 2278 1727 totaliter

392 1753 557 1818 perire
574 1753 816 1817 potuerit.
888 1754 1143 1805 Desinant
1172 1767 1294 1818 ergo
1313 1767 1411 1804 nos
1429 1753 1709 1824 impietatis
1729 1767 1997 1815 accusare,
2038 1755 2127 1819 qui
2149 1753 2276 1803 nihil

393 1836 569 1881 contra
587 1827 800 1880 verbum
820 1830 914 1880 Dei
934 1828 1092 1882 locuti
1112 1843 1329 1891 sumus,
1369 1843 1464 1882 nec
1483 1830 1622 1883 idem
1652 1831 2143 1893 contaminavimus,
2182 1831 2277 1881 sed

391 1908 541 1967 iram,
562 1906 611 1957 si
630 1919 787 1972 quam
810 1908 1000 1958 iustam
1020 1908 1210 1960 babere
1227 1907 1452 1974 possint,
1475 1909 1530 1959 in
1550 1909 1793 1974 antiquos
1815 1915 2027 1970 vertant,
2051 1921 2276 1972 quorum

392 1983 589 2036 malitia
607 1986 701 2035 Dei
720 1997 919 2048 arcam,
958 1985 1208 2052 templum
1225 2023 1240 2048 ‚
1279 1984 1446 2050 legem
1474 1992 1525 2036 et
1553 1986 1724 2036 omnia
1759 1999 1901 2035 sacra
1922 1984 2213 2050 profanavit
2232 1994 2277 2035 et

395 2061 707 2128 corruptioni
736 2059 979 2113 subiecit.-
1071 2063 1155 2114 17.
1192 2061 1393 2114 Deinde
1422 2063 1467 2113 si
1499 2061 1788 2114 secundum
1815 2061 1945 2113 illud
1975 2062 2195 2128 apostoli
2227 2064 2276 2112 in

393 2141 449 2196 2.
468 2140 625 2206 epist.
660 2138 725 2190 ad
752 2139 984 2190 Corinth.
1014 2151 1129 2206 cap.
1150 2140 1200 2193 3.
1231 2153 1365 2192 vers.
1387 2139 1440 2191 3.
1471 2141 1564 2190 Dei
1609 2139 1880 2205 epistolam
1909 2139 1961 2190 in
1997 2153 2056 2190 se
2091 2138 2281 2191 babent

395 2232 503 2268 non
527 2222 843 2278 atramento,
884 2217 977 2267 sed
1004 2217 1102 2268 Dei
1138 2218 1350 2282 spiritu,
1393 2229 1562 2281 neque
1597 2218 1650 2268 in
1685 2216 1876 2267 tabulis
1903 2215 2147 2282 lapideis,
2190 2217 2280 2268 sed

396 2297 449 2346 in
476 2293 675 2346 tabulis
706 2294 911 2346 carneis
930 2292 1101 2345 cordis
1120 2295 1368 2360 scriptam
1382 2333 1395 2354 ‚
1437 2293 1676 2347 desinant
1695 2293 1892 2344 literam
1913 2292 2128 2346 adorare
2147 2303 2202 2345 et
2223 2295 2282 2345 de

396 2371 578 2424 eadem
598 2371 727 2423 adeo
746 2385 861 2422 esse
878 2371 1106 2423 solliciti.
1179 2372 1276 2423 His
1296 2379 1423 2439 puto
1442 2385 1526 2423 me
1546 2372 1671 2422 satis
1691 2371 2024 2439 explicuisse,
2066 2385 2168 2437 qua
2190 2386 2279 2422 ra-

397 2451 539 2502 tione
556 2451 809 2515 scriptura
828 2461 971 2501 sacra
993 2455 1047 2500 et
1062 2447 1230 2500 divina
1252 2447 1486 2502 habenda
1505 2449 1591 2500 sit.

502 2529 587 2582 18.
626 2525 923 2579 Videndum
958 2527 1061 2578 iam
1102 2532 1207 2587 est,
1245 2526 1377 2593 quid
1399 2528 1621 2594 proprie
1655 2525 2059 2591 intelligendum
2092 2525 2169 2574 sit
2187 2541 2283 2594 per

396 2614 548 2705 *pm-12
581 2616 717 2675 ἾΞἾ
758 2613 923 2664 ‹lebav-
954 2611 1153 2664 Jekova
1191 2611 1440 2680 (verbum
1476 2612 1841 2702 Deo-'1:¹¹3
1872 2611 2043 2662 dabar
2069 2609 2278 2678 quidem
2322 2653 2323 2668 κ

399 2681 665 2774 significat
668 2708 910 2770 verbum,
931 2708 1252 2770 orationem,
1275 2706 1503 2760 edictum
1523 2712 1575 2760 et
1589 2723 1723 2760 rem.
1797 2703 2004 2768 Quibus
2023 2711 2204 2758 autem
2227 2707 2283 2758 de

400 2785 571 2838 causis
601 2799 681 2836 res
710 2785 883 2852 aliqua
901 2783 1155 2836 Hebraico
1187 2782 1375 2836 dicitur
1390 2784 1484 2838 Dei
1515 2799 1630 2839 csse
1651 2793 1702 2836 et
1719 2782 1784 2838 ad
1804 2785 1970 2838 Deum
1993 2781 2246 2838 refertur
2235 2799 2279 2836 in
2322 2825 2323 2832 ,

504 2956 545 3006 1)
583 2953 749 2997 Ierem.
772 2965 813 2998 c.
833 2957 873 2996 8.
893 2967 935 2998 v.
956 2955 997 2994 8.

502 3019 545 3070 2)
581 3014 728 3062 Exod.
746 3017 815 3072 32,
836 3015 902 3059 19.
922 3025 1027 3073 sqq.

397 3449 481 3475 ιε·-
1355 3449 1368 3452 ·
1621 3449 1876 3475 ῌ-ῌ--β-
1897 3102 2324 3475 flffi-j
