2350 3475
904 98 1044 147 car.
1098 100 1190 147 rx.
1325 170 1331 175 .
1679 91 1684 105 ⁶
1870 94 1993 154 >153

114 280 231 333 dine
252 278 578 347 quarundam
606 279 872 331 literarum⁴
899 284 1037 331 ortas
1062 277 1244 331 fuisse.
1315 276 1412 329 bo.
1439 276 1610 341 Quare
1637 276 1860 330 dubium
1885 277 1994 330 fere

114 372 321 425 semper
351 356 455 409 huc
483 357 689 409 tandem
716 355 945 417 redibat,
982 354 1221 407 videlicet
1239 360 1352 407 utra
1371 368 1430 407 ex
1449 353 1654 407 duabus
1672 352 1836 406 literis
1853 361 1994 406 esset

114 443 401 507 scribenda,
443 451 485 506 2
506 444 601 495 Bet
616 456 681 494 an
702 450 742 503 2
762 442 883 504 Kal,
923 447 943 488 Ἰ
959 440 1058 493 Jod
1079 456 1143 493 an
1159 448 1179 502 Ἰ
1197 444 1325 503 Van,
1368 444 1410 501 Ἶ
1431 440 1579 491 Dalet
1595 454 1660 491 an
1681 445 1724 502 Ἶ
1742 441 1852 493 Res
1868 445 1988 501 etc„

115 546 336 597 quarum
363 544 495 582 usus
523 527 975 595 frequentissimus
1004 533 1108 589 est;
1149 534 1199 578 et
1232 526 1346 579 ideo
1373 540 1528 593 saepe
1555 525 1848 592 contingere
1875 532 1994 592 pot-

116 615 249 671 erat,
290 614 349 659 ut
376 616 591 672 utraque
622 619 833 658 sensum
862 604 1184 656 tolerabilem
1214 611 1438 671 pareret:
1479 600 1666 656 deinde
1693 611 1865 655 utrum
1887 600 1994 668 syl-

25 750 27 753 ,
115 685 227 737 laba
267 685 417 751 longa
452 689 543 735 aut
578 681 748 734 brevis
784 689 949 742 esset,
988 695 1208 747 quarum
1245 682 1503 747 quantitas
1539 681 1604 732 iis
1633 680 1820 741 literis,
1863 692 1992 746 quas

116 764 443 829 quiescentes
463 761 773 825 vocavimus,
797 759 1184 812 determinatur.
1229 758 1330 809 His
1349 756 1499 819 adde,
1525 757 1664 823 quod
1687 770 1789 809 non
1811 770 1992 815 omnes

112 846 263 891 notae
292 846 417 890 sunt
444 833 635 889 dubiae
664 835 937 896 lectiones;
978 834 1167 887 multas
1197 836 1333 887 enim
1350 835 1614 901 appositas
1633 848 1749 892 esse
1768 832 1994 884 diximus

112 915 397 968 honestatis
427 927 610 975 causa,
651 920 703 965 et
726 914 883 965 etlam
912 918 971 963 ut
987 910 1139 963 verba
1158 911 1391 965 obsoleta
1412 919 1465 963 et
1481 912 1750 977 antiquata
1769 910 1995 977 explica-

114 1001 245 1043 rent.
320 991 406 1044 57.
446 988 683 1043 Secunda
712 991 869 1051 ratio,
912 1003 1007 1040 cur
1035 988 1161 1040 mihi
1199 989 1513 1055 persuadeo,
1555 990 1716 1039 unius
1751 987 1852 1038 loci
1889 1000 1994 1037 non

114 1071 317 1136 plures,
359 1083 517 1134 quam
552 1065 681 1117 duas
719 1066 967 1117 lectiones
1006 1066 1246 1131 reperiri,
1293 1075 1401 1128 est,
1452 1066 1570 1132 quia
1607 1063 1758 1117 credo
1794 1062 1994 1115 scribas

112 1160 275 1211 pauca
311 1144 593 1196 admodum
632 1142 939 1210 exemplaria
978 1142 1260 1209 reperiss03
1310 1142 1437 1193 forte
1473 1157 1577 1193 non
1612 1143 1785 1208 plura,
1836 1154 1993 1205 quam

112 1230 212 1283 duo
232 1231 311 1283 vel
333 1232 447 1282 tria.
496 1232 558 1281 In
578 1234 792 1281 tractatu
812 1228 1096 1279 scribarum
1119 1233 1356 1290 0³²1le
1377 1241 1491 1292 cap.
1505 1226 1556 1277 6.
1578 1241 1681 1277 non
1703 1226 1803 1277 nisi
1823 1224 1886 1278 de
1909 1229 1997 1277 tri-

110 1316 209 1368 bus
228 1316 287 1369 fit
304 1315 501 1367 mentio
515 1354 530 1378 ,
575 1329 707 1381 quae
725 1313 928 1381 fingunt
946 1321 1178 1381 tempore
1196 1307 1392 1365 Hezra'e
1413 1313 1620 1364 inventa
1641 1310 1802 1362 fuisse
1817 1351 1831 1373 ,
1873 1314 1993 1379 quia

112 1394 372 1446 venditant
391 1392 485 1444 has
505 1398 653 1443 notas
672 1391 737 1443 ab
758 1393 871 1459 ipso
891 1394 1058 1443 Hezra
1078 1392 1345 1458 appositas
1367 1389 1548 1441 fuisse.
1625 1390 1709 1441 58.
1731 1388 1991 1457 Quicquid

113 1473 203 1534 sit,
246 1473 290 1521 si
321 1469 418 1521 tria
453 1469 775 1531 habuerunt,
818 1468 964 1519 facile
992 1469 1262 1535 concipere
1290 1480 1602 1534 possumuS‚
1645 1465 1748 1517 duo
1787 1481 1994 1533 semper

111 1550 160 1599 in
184 1545 369 1600 eodem
392 1545 503 1597 loco
524 1548 855 1607 convenisse;
895 1546 1148 1612 quinimo
1166 1544 1535 1611 unusquisque
1557 1543 1730 1595 mirari
1749 1557 1874 1596 sane
1894 1559 1994 1611 po-

25 1642 28 1691 j
111 1626 319 1685 tuisset,
344 1624 388 1674 si
410 1623 464 1673 in
483 1622 654 1675 tribus
675 1630 873 1674 tantum
894 1622 1277 1690 exemplaribus
1297 1628 1400 1673 tres
1423 1622 1652 1673 diversae
1673 1622 1830 1673 unius
1848 1622 1994 1675 eius-

25 1700 27 1703 ’
110 1702 336 1767 demque
363 1699 463 1752 loci
492 1699 739 1753 lectiones
768 1701 1133 1767 reperirentur.
1207 1698 1326 1763 Quo
1357 1706 1528 1751 autem
1555 1698 1660 1752 sato
1681 1697 1873 1750 factum
1895 1708 1993 1762 est,

109 1787 163 1830 ut
180 1786 304 1847 post
323 1779 541 1829 Hezram
562 1783 701 1828 tanta
721 1778 1091 1844 exemplarium
1111 1778 1329 1844 penuria
1350 1776 1504 1829 fuerit
1517 1815 1532 1838 ‚
1573 1779 1620 1828 is
1649 1779 1823 1830 mirari
1851 1778 1996 1830 desi-

25 1857 28 1900 i
107 1862 223 1918 net,
264 1855 359 1922 qui
386 1853 467 1907 vel
494 1854 665 1905 solum
695 1869 808 1921 cap.
834 1856 885 1907 1.
916 1854 1036 1906 libr.
1060 1856 1109 1906 1.
1138 1853 1572 1906 machabaeorum
1612 1854 1876 1924 legerit*)‚
1917 1854 1993 1906 vel

109 1945 223 1999 cap.
244 1931 299 1984 7.
324 1931 448 1983 libr.
472 1930 559 1986 12.
588 1930 848 1998 Antiquit.
874 1932 1101 1999 Iosephi.
1175 1933 1287 1984 Imo
1315 1931 1546 1998 prodigio
1576 1932 1746 1984 simile
1771 1931 1990 1996 videtur,

109 2008 250 2075 quod
266 2015 391 2076 post
408 2015 606 2060 tantam
624 2015 835 2074 tamque
857 2009 1152 2061 diuturnam
1173 2009 1588 2075 persecutionem
1617 2022 1779 2076 pauca
1799 2007 1886 2058 illa
1908 2023 1994 2060 re-

25 2081 28 2150 }
110 2088 272 2138 tinere
296 2085 589 2152 potuerint3
628 2085 691 2136 de
714 2086 819 2152 quo‘
839 2087 1098 2137 neminem
1120 2084 1359 2138 dubitare
1377 2086 1589 2152 opinor,
1629 2088 1719 2150 qui
1747 2084 1886 2136 illam
1907 2084 1995 2134 hi-

25 2179 27 2182 *
107 2163 323 2215 storiam
342 2160 593 2212 mediocri
614 2175 729 2213 cum
750 2163 1031 2214 attentione
1051 2161 1252 2228 legerit.
1327 2163 1412 2214 59.
1435 2163 1632 2214 Causas
1653 2165 1828 2228 itaque
1848 2161 1995 2214 vide-

108 2254 254 2304 mus,
297 2253 392 2290 cur
421 2237 606 2289 nullibi
638 2239 814 2305 plures
844 2253 1001 2306 quam
1032 2240 1163 2292 duae
1193 2239 1381 2290 dubiae
1421 2240 1664 2302 lectiones
1691 2245 1989 2290 occurrunt.

108 2316 445 2383 Quapropter
462 2316 613 2381 longe
633 2315 798 2377 abest,
819 2323 878 2367 ut
896 2331 955 2368 ex
973 2331 1034 2369 eo
1049 2355 1062 2377 ‚
1086 2316 1226 2382 quod
1248 2331 1353 2367 non
1375 2316 1548 2383 plures
1567 2316 1774 2368 duabus
1795 2314 1992 2379 ubique

106 2393 325 2454 dentur,
365 2391 605 2444 concludi
633 2393 823 2460 possit,
864 2393 1033 2445 Biblla
1059 2393 1113 2445 in
1142 2393 1270 2445 locis
1307 2394 1496 2445 notatis
1533 2393 1650 2444 data
1687 2406 1836 2459 opera
1873 2405 1994 2458 per-

105 2484 283 2535 peram
308 2469 501 2535 scripta
520 2469 683 2522 fuisse
711 2468 776 2521 ad
804 2469 1143 2536 significanda
1172 2471 1430 2538 mysteria.
1514 2472 1598 2522 60.
1637 2469 1791 2532 Quod
1817 2476 1990 2520 autem

106 2546 167 2597 ad
198 2544 489 2597 secundam
521 2547 725 2608 attinet,
767 2547 904 2612 quod
938 2547 1191 2612 quaedam
1222 2549 1538 2613 reperiantur
1565 2546 1693 2598 adeo
1722 2560 1991 2613 perperam
2085 2601 2100 2611 .

106 2625 328 2691 scripta,
369 2630 430 2674 ut
446 2622 589 2673 nullo
609 2623 762 2674 modo
785 2623 1019 2676 dubitare
1046 2625 1330 2690 potuerint,
1372 2626 1497 2690 quin
1526 2624 1758 2675 omnium
1787 2631 1992 2690 tempo-

105 2715 219 2750 rum
240 2697 510 2752 scribendi
527 2700 647 2751 usui
667 2708 1037 2766 repugnarent,
1060 2717 1298 2769 quaeque
1319 2701 1448 2753 adeo
1465 2700 1702 2753 absolute
1719 2701 1988 2766 corrigere,

25 2815 27 2828 .
104 2791 206 2827 non
227 2783 408 2828 autem
428 2777 482 2826 in
504 2778 731 2843 margine
748 2785 923 2830 notare
944 2778 1247 2844 debuerant,
1287 2793 1370 2830 me
1388 2792 1570 2845 parum
1593 2778 1781 2843 tangit;
1819 2792 1990 2846 neque

107 2855 242 2904 enim
276 2853 412 2904 scire
440 2858 639 2920 teneor,
680 2867 813 2920 quae
827 2855 1008 2922 religio
1026 2855 1170 2923 ipsos
1191 2855 1428 2916 moverit,
1465 2861 1525 2906 ut
1541 2854 1594 2907 id
1617 2869 1718 2907 non
1740 2855 1986 2909 facerent.

203 3055 247 3109 *)
283 3055 387 3100 Via.
408 3058 431 3098 1
451 3055 661 3102 Maccab.
683 3069 723 3102 c.
744 3059 783 3100 1.
802 3069 847 3102 v.
864 3059 932 3101 ⁵9.
950 3058 1019 3103 ⁶0.
