2350 3475
871 147 1010 192 cas».
1063 145 1174 192 vn.
1844 139 1963 201 10⁷

71 325 222 375 etiam
261 324 404 375 inter
439 321 600 374 claras
637 335 857 390 repono,
898 323 1102 375 tametsi
1143 329 1381 389 respectu·
1416 321 1642 372 veritatis
1672 325 1723 371 et
1751 323 1964 373 rationis

71 401 478 453 obscurissimae
509 407 656 460 sunt:
698 401 804 451 imo
837 401 1070 466 quamvis
1097 412 1272 452 earum
1302 399 1513 450 literalis
1552 411 1741 452 sensus
1776 397 1965 450 lumini

70 479 294 530 naturali
315 483 594 545 repugnet,
634 477 736 528 nisi
769 479 920 529 etiam
949 478 1217 544 principiis
1236 483 1287 528 et
1302 475 1653 528 fundamentis
1672 489 1731 527 ex
1749 476 1964 527 historia

71 557 369 622 scripturae
406 556 582 622 petitis
619 554 752 606 ciare
789 561 1105 622 opponatur,
1153 554 1201 605 is
1238 567 1453 614 sensus,
1510 565 1697 618 nempe
1733 551 1961 616 iiten-aiis,

73 633 165 682 erit
201 639 381 683 tamen
422 632 752 692 retinendus:
810 639 860 684 et
899 641 1102 693 contra,
1153 632 1199 682 si
1236 631 1331 682 hae
1366 631 1653 682 sententiae
1690 643 1748 681 ex
1784 628 1964 680 literaii

71 723 246 760 earum
285 711 704 776 interpretatione
737 710 1004 776 principiis
1041 723 1101 760 ex
1131 709 1395 774 Scriptura
1432 708 1611 773 petitis
1648 707 1967 772 reperientur

71 799 390 853 repugnare,
430 801 747 854 quamquam
785 801 904 838 cum
942 788 1136 838 ratione
1167 787 1389 836 maxime
1424 785 1783 845 convenirent,
1822 781 1967 834 aiitet·

75 871 244 914 tamen
280 863 660 930 (metaphorice
689 863 916 932 sciiicet)
946 869 1124 915 essent
1152 863 1585 928 interpretandae.
1660 861 1746 912 1⁰.
1784 861 1849 912 Ut
1866 861 1967 910 ita-

73 955 169 1006 que
192 941 428 992 sciamus
443 981 457 1003 ,
497 955 561 991 an
579 941 756 994 Moses
777 939 1054 992 crediderit
1069 981 1082 1002 ,
1122 942 1291 992 Deum
1312 953 1429 990 esse
1456 941 1631 1004 ignem
1648 977 1662 999 ,
1702 950 1769 988 an
1790 951 1961 999 secus,

70 1019 210 1070 nulio
232 1017 393 1069 modo
415 1017 469 1068 id
488 1017 901 1069 concludendum
921 1025 999 1068 est
1018 1031 1076 1068 ex
1095 1033 1156 1069 eo
1171 1056 1186 1079 ,
1228 1017 1369 1083 quod
1397 1015 1525 1067 haec
1544 1015 1721 1082 opinio
1740 1027 1859 1066 cum
1878 1027 1966 1064 ra-

75 1097 210 1147 tione
239 1096 542 1154 conveniat,
582 1099 670 1145 aut
699 1094 842 1160 quod
863 1095 910 1145 ei
929 1101 1207 1161 repugnem
1246 1093 1340 1145 sed
1360 1099 1559 1144 tantum
1580 1106 1639 1144 ex
1660 1091 1773 1144 aiiie
1793 1091 1965 1157 ipsius

70 1173 234 1224 mosis
255 1172 550 1223 sententiis.
621 1170 871 1222 Videlicet
889 1173 1135 1238 quoniam
1155 1171 1335 1224 Moses
1352 1169 1593 1235 piurimis
1610 1170 1665 1219 in
1684 1168 1813 1220 locis
1832 1168 1965 1218 ciere

72 1251 222 1300 etiam
243 1249 427 1310 docet,
468 1249 637 1299 Deum
658 1249 854 1300 nuilam
876 1247 1062 1299 habere
1083 1245 1477 1298 similitudinem
1506 1259 1627 1296 cum
1656 1243 1963 1301 1815118]ὶεὶ-

71 1324 296 1388 hiiibus,
339 1339 473 1391 quae
499 1325 556 1376 in
585 1325 768 1386 coeiis,
811 1326 865 1376 in
894 1330 1026 1375 terra
1055 1332 1144 1375 aut
1171 1324 1228 1374 in
1258 1336 1392 1389 aqua
1420 1325 1572 1381 sunt;
1612 1321 1730 1372 hinc
1750 1319 1965 1372 conciu-

73 1402 333 1464 dandum,
376 1401 510 1453 hanc
538 1402 846 1454 sententiam
875 1409 964 1452 aut
991 1401 1105 1452 iiias
1131 1414 1315 1451 omnes
1342 1398 1689 1465 metaphorice
1724 1411 1841 1449 esse
1876 1409 1968 1448 ex·-

70 1479 363 1546 piicandas.
435 1480 521 1535 2⁰.
544 1479 614 1530 At
631 1481 753 1545 quia
773 1493 801 1529 a
822 1477 1005 1528 literali
1019 1481 1208 1539 seusu,
1232 1490 1391 1542 quam
1413 1477 1624 1527 minime
1642 1473 1751 1538 lieri
1772 1480 1960 1541 potest,

73 1566 150 1609 est
181 1555 560 1619 recedendum,
602 1555 718 1608 ideo
748 1557 891 1622 prius
929 1555 1315 1621 quaerendum,
1356 1566 1481 1604 num
1510 1553 1635 1606 haec
1660 1553 1811 1604 unica
1840 1565 1967 1603 sen-

74 1635 258 1699 tentia,
299 1634 446 1685 Deus
474 1638 556 1684 eet
578 1635 750 1698 ignia,
791 1631 949 1683 alium
977 1638 1179 1698 praeter
1208 1631 1453 1682 literalem
1472 1645 1687 1682 sensum
1709 1629 1962 1690 admittat,

72 1710 167 1763 hoc
198 1718 306 1775 est,
349 1725 415 1762 an
444 1723 634 1781 nomen
663 1711 810 1777 ignis
835 1708 972 1761 aiiud
1002 1723 1158 1776 quam
1188 1708 1474 1761 naturaiem
1500 1709 1673 1775 ignem
1692 1705 1961 1774 significet.

16 1826 19 1833 ,
73 1788 227 1851 Quod
249 1790 296 1840 si
315 1802 420 1840 non
441 1788 722 1853 reperiatur
739 1800 800 1838 ex
820 1800 921 1839 usu
941 1786 1146 1852 linguae
1167 1786 1306 1838 alind
1324 1784 1635 1853 significare,
1652 1785 1797 1837 nuile
1810 1785 1963 1836 etiam

71 1866 174 1917 aiio
194 1865 354 1916 modo
371 1864 750 1930 interpretanda
769 1870 912 1914 esset
941 1864 1065 1915 hacc
1093 1864 1379 1925 sententia,
1419 1864 1751 1930 quantumvis
1780 1861 1963 1913 rationi

16 1994 19 2011 ‚
70 1954 401 2009 repugnans:
443 1941 536 1993 sed
565 1947 741 1993 contra
769 1940 1000 2006 reliquae
1031 1954 1245 2003 omnes,
1284 1942 1518 2006 quamvis
1542 1940 1725 1991 rationi
1744 1951 1967 1991 consen-

70 2026 272 2081 taneae,
309 2018 432 2069 huic
451 2026 622 2070 tamen
643 2024 818 2071 essent
835 2016 1327 2069 accommodandae.
1398 2019 1485 2072 21.
1517 2016 1671 2079 Quod
1691 2016 1736 2067 si
1756 2030 1853 2067 nec
1868 2014 1967 2066 hoc

69 2096 225 2146 etiam
247 2110 308 2147 ex
329 2110 434 2146 usn
459 2096 663 2161 linguae
681 2099 863 2160 posset
877 2092 990 2145 fleri
1003 2133 1016 2156 ‚
1057 2100 1169 2145 tum
1191 2093 1288 2145 hae
1306 2094 1591 2145 sententiae
1616 2091 1968 2145 irreconcilia-

70 2171 208 2223 biies
244 2179 458 2233 essent,
514 2185 572 2223 ac
608 2172 821 2239 proinde
861 2172 926 2224 de
959 2173 1028 2223 iis
1074 2172 1329 2223 iudicium
1372 2171 1471 2221 erit
1514 2168 1963 2237 suspendendum.

72 2248 176 2300 Sed
204 2250 329 2315 quia
357 2262 548 2300 nomen
568 2250 716 2314 ignis
732 2262 825 2315 pro
844 2250 919 2299 ira
939 2255 989 2299 et
1007 2248 1254 2315 zelotypia
1274 2250 1429 2299 etiam
1448 2248 1675 2299 sumitur
1693 2247 1833 2312 (vide
1850 2244 1963 2295 lobi

72 2338 190 2391 cap.
213 2326 303 2377 31.
334 2340 468 2378 vers.
497 2327 799 2395 i2.),'hinc
835 2326 984 2377 faciie
1016 2327 1189 2380 Mosis
1227 2325 1512 2376 sententiae
1550 2323 1962 2382 reconciliantur,

73 2410 231 2469 atque
249 2400 478 2469 legitime
499 2403 891 2465 concludimus,
930 2403 1062 2454 duas
1091 2404 1184 2453 bas
1212 2404 1525 2463 sententias,
1564 2401 1709 2452 Dens
1727 2400 1967 2463 attignis

71 2485 126 2529 et
178 2480 326 2530 Deus
381 2486 460 2530 est
509 2481 779 2547 zelotypus
800 2519 813 2542 ‚
867 2492 1028 2532 unam
1081 2479 1407 2546 eandemque
1460 2492 1577 2529 esse
1628 2476 1959 2528 sententiam.

70 2558 159 2610 2².
197 2556 361 2606 Porro
399 2558 644 2623 quoniam
683 2559 863 2610 Moses
901 2557 1035 2608 clare
1069 2556 1249 2618 docet,
1288 2558 1459 2607 Deum
1497 2568 1615 2606 esse
1651 2553 1961 2619 zelotypum,

73 2646 168 2683 nec
197 2632 346 2683 uiiibi
367 2632 544 2695 docet,
583 2636 751 2686 Deum
773 2648 946 2687 carere
967 2633 1301 2701 passionibus
1320 2634 1429 2684 sive
1450 2633 1605 2684 animi
1628 2630 1959 2697 pathematis,

73 2710 194 2760 binc
220 2710 378 2776 piane
405 2710 849 2778 conciudendum,
887 2713 1090 2764 Mosem
1123 2710 1220 2761 hoc
1246 2711 1421 2775 ipsum
1450 2708 1731 2760 credidisse
1750 2712 1839 2759 aut
1858 2706 1967 2758 sei-

75 2795 176 2837 tem
225 2786 411 2838 docere
457 2787 704 2849 veniisse,
765 2789 1096 2856 quantumvis
1139 2787 1273 2838 hanc
1317 2786 1625 2837 sententiam
1663 2786 1846 2837 rationi
1882 2798 1969 2835 re·-

73 2878 305 2929 pugnare
336 2864 629 2917 credamus·
699 2868 858 2931 Nam,
899 2867 1086 2917 utiam
1125 2863 1475 2927 ostendimus,
1516 2862 1667 2914 uobis
1702 2876 1809 2915 non
1847 2862 1968 2913 licet

75 2940 138 2991 ad
169 2942 451 2994 dictamina
481 2950 686 2994 nostrae
715 2944 926 2994 rationis
955 2950 1006 2993 et
1032 2942 1096 2994 ad
1119 2948 1322 2994 nostras
1343 2948 1741 3009 praeconceptas
1762 2940 1967 3007 opinio-

75 3032 166 3070 nes
195 3025 428 3071 mentem
459 3019 750 3085 scripturae
777 3026 1040 3085 torquere‚
1081 3019 1173 3070 sed
1207 3024 1313 3069 tota
1330 3016 1618 3071 Bibliorum
1648 3018 1870 3085 cognitio
1900 3015 1965 3066 ab

76 3096 264 3149 iisdem
283 3096 416 3149 solis
437 3103 517 3151 est
533 3096 776 3165 petenda.
