2350 3475
344 98 427 159 32
747 100 1138 148 TRAcTA'rUS
1173 98 1573 148 Tnsonoelco
1587 99 1831 146 meent

342 280 460 333 ideo
491 279 757 349 prophetia
787 280 1050 347 prophetis
1079 294 1183 332 non
1213 278 1301 329 diu
1334 278 1599 340 haerebat,
1638 293 1734 329 nee
1773 278 1926 329 etiam
1966 276 2243 343 frequenS,

343 358 436 409 sed
466 357 746 409 admodum
776 372 883 407 rara
917 364 1050 421 erat,
1095 357 1148 407 in
1167 356 1499 423 paucissimis
1520 357 1713 407 scilicet
1732 354 2058 415 hominibuS,
2099 360 2155 405 et
2186 358 2247 406 in

344 436 411 486 iis
429 436 583 487 etiam
602 433 885 485 admodum
905 448 1039 485 raro.
1110 436 1201 485 48.
1240 434 1417 496 Quum
1440 432 1534 483 hoc
1555 434 1625 484 ita
1647 432 1743 495 sit,
1768 433 2001 497 cogimur
2018 432 2123 482 iem
2147 433 2247 482 in-

345 514 550 578 quirere
563 551 578 572 ‚
600 511 738 563 unde
759 511 1026 577 prophetis
1046 512 1166 561 oriri
1191 510 1357 576 potuit
1376 510 1624 560 certitudo
1644 522 1820 559 eorum
1836 548 1850 571 ,
1876 524 2009 574 quae
2027 513 2247 561 tantum

343 604 438 655 per
453 589 897 655 imaginationem,
921 595 972 637 et
990 602 1095 637 non
1116 602 1175 637 ex
1194 588 1347 637 certis
1368 588 1555 638 mentis
1574 587 1843 652 principiis
1864 584 2247 652 percipiebant.

344 666 540 734 Verum
569 664 816 730 quicquid
847 671 899 714 et
923 665 1056 715 circa
1087 663 1185 715 hoc
1214 664 1315 714 dici
1334 670 1529 729 potest,
1575 678 1633 713 ex
1652 664 1914 728 Scriptura
1932 664 2034 729 peti
2058 661 2245 723 debet,

345 742 771 806 quandoquidem
801 741 960 791 liuius
989 742 1063 791 rei
1093 741 1182 806 (ut
1208 742 1311 792 iem
1344 740 1595 807 diximus)
1609 754 1791 794 seram
1820 740 2093 791 scientiam
2134 754 2249 791 non

345 817 617 878 habemuS,
633 818 742 870 sive
757 832 871 869 eam
890 826 982 883 per
993 819 1193 885 pri-mas
1206 830 1333 877 suss
1346 830 1531 868 causas
1544 816 1793 881 explicare
1808 830 1912 868 non
1927 829 2246 883 possumus,

345 894 486 956 Quid
517 902 688 946 autem
715 896 976 961 Scriptura
1003 893 1077 945 de
1103 894 1503 945 certitudine
1538 892 1995 960 prophetarum
2033 892 2245 953 doceat,
2341 924 2342 949 ;

345 970 400 1020 in
422 979 672 1036 sequence
692 973 856 1038 capite
875 970 1165 1033 ostendam,
1198 970 1293 1021 ubi
1320 970 1353 1020 d
1366 985 1394 1023 e
1422 986 1453 1037 p
1467 984 1577 1037 rop
1590 970 1759 1022 betis
1782 984 1931 1037 agere
1950 971 2227 1021 constitui.

873 1139 1052 1204 CAP.
1088 1142 1162 1205 ll.
1251 1144 1349 1203 De
1386 1142 1713 1223 prophetis.

451 1279 526 1329 Ex
555 1280 820 1345 superiore
853 1280 1046 1347 eapite,
1089 1286 1148 1330 ut
1175 1280 1277 1330 iam
1296 1277 1667 1343 indicavimus,
1706 1278 1948 1343 sequitur
1962 1277 2251 1344 prophetas

348 1370 455 1407 non
487 1356 652 1407 fnisse
681 1356 972 1423 perfectiori
1001 1363 1172 1406 mente
1203 1356 1485 1422 praeditos,
1522 1354 1614 1406 sed
1635 1354 1846 1420 quidem
1870 1355 2097 1420 petentia
2116 1356 2253 1406 vivi-—

349 1432 468 1485 dius
497 1433 841 1500 imaginandi,
881 1432 1024 1499 qued
1051 1432 1345 1499 Scripturae
1372 1433 1692 1483 narrationes
1718 1431 1927 1483 abunde
1956 1432 2111 1483 etiam
2143 1430 2253 1483 de·-

349 1517 485 1561 cent.
555 1512 634 1561 De
653 1510 928 1561 Salomone
947 1510 1088 1559 enim
1103 1515 1329 1569 constet,
1351 1522 1471 1560 eun
1490 1509 1706 1574 quidem
1728 1509 1997 1573 sapientia,
2022 1509 2117 1560 sed
2140 1523 2249 1560 nen
2341 1558 2342 1563 ,

350 1586 487 1637 dono
532 1586 832 1653 prophetico
879 1594 1074 1637 ceteros
1119 1586 1441 1636 excelluisse.
1513 1586 1914 1636 Prudentissimi
1960 1586 2116 1635 etiam
2171 1587 2250 1637 illi
2341 1604 2342 1609 ¹

349 1663 572 1723 Reman,
613 1662 802 1723 Darda,
841 1662 1078 1725 Kaichol,
1117 1661 1399 1729 prophetae
1416 1676 1521 1713 non
1544 1661 1770 1723 fuerunt,
1804 1670 1857 1713 et
1872 1666 2049 1713 contra
2069 1661 2254 1713 homi-

351 1753 446 1790 nes
478 1739 682 1802 rustici,
725 1747 776 1790 et
801 1747 934 1791 extra
963 1753 1172 1792 omnem
1193 1740 1549 1806 disciplinam,
1590 1741 1694 1792 imo
1714 1737 2045 1793 mulierculae
2062 1740 2249 1802 etiam,

349 1821 410 1866 ut
435 1817 635 1880 Heger,
675 1817 856 1867 ancilla
877 1815 1188 1880 Abrahami,
1230 1817 1366 1869 dono
1393 1816 1692 1884 prophetico
1722 1817 1932 1868 fuerunt
1960 1816 2250 1883 praeditae.

353 1891 505 1954 Quod
537 1893 688 1944 etiam
719 1907 838 1943 curm
871 1895 1179 1960 experientia
1203 1902 1256 1946 et
1280 1895 1477 1945 ratione
1504 1896 1758 1947 convenit.
1828 1895 1960 1946 Nam
1991 1896 2081 1959 qui
2122 1909 2251 1944 ma-

351 1971 488 2020 xime
515 1970 880 2035 imaginatione
907 1970 1124 2036 poilent,
1157 1973 1335 2023 minus
1368 1972 1475 2038 apti
1505 1971 1721 2022 sunt⁸ad
1758 1985 1841 2022 res
1878 1985 2007 2037 pure
2041 1971 2252 2022 intelli-

351 2046 606 2111 gendum,
647 2053 699 2097 et
725 2054 898 2098 contra
915 2087 928 2110 ‚
971 2049 1061 2113 qui
1089 2048 1353 2100 intellectu
1382 2049 1547 2116 magis
1566 2047 1762 2113 pollent
1778 2061 2005 2112 eumque
2024 2049 2255 2099 maxime

349 2123 558 2185 colunt,
601 2125 881 2188 potentiam
910 2125 1223 2192 imaginandi
1263 2128 1429 2193 magis
1464 2132 1797 2190 temperatam
1836 2126 2105 2190 magisque
2144 2125 2254 2175 sub

351 2207 660 2266 potestatem
683 2199 900 2262 habent,
938 2209 990 2252 et
1008 2203 1160 2267 quasi
1183 2203 1328 2254 freno
1346 2208 1549 2264 tenent,
1591 2217 1655 2253 ne
1674 2216 1793 2252 cum
1826 2201 2090 2252 intellectu
2116 2215 2257 2252 con·
2341 2203 2342 2206 ’

353 2277 620 2328 fundatur.
693 2280 746 2331 2.
782 2279 888 2340 Qui
908 2280 1065 2345 igitur
1083 2280 1391 2345 sapientiam
1412 2288 1463 2330 et
1491 2293 1663 2329 rerum
1686 2278 1995 2329 naturalium
2016 2284 2067 2328 et
2085 2280 2256 2344 spiri-

351 2356 568 2406 tualium
603 2354 949 2418 cognitionem
987 2370 1046 2406 ex
1081 2356 1447 2422 prophetarum
1484 2354 1630 2406 libris
1667 2356 1973 2420 investigare
2009 2354 2251 2417 student,

353 2439 458 2482 tota
489 2438 660 2483 errant
686 2431 794 2482 via:
833 2432 1004 2498 quod,
1043 2435 1291 2497 quonism
1324 2440 1558 2498 tempm,
1601 2431 1927 2499 philosophia
1948 2438 2000 2482 et
2018 2431 2255 2496 denique

353 2523 438 2559 res
455 2509 570 2574 ipsa
587 2508 840 2574 postulat,
878 2508 960 2559 hic
981 2509 1096 2560 fuse
1115 2508 1391 2560 ostendere
1410 2508 1637 2571 decrevi,
1662 2521 1847 2574 parum
1866 2521 2076 2566 curans,
2116 2509 2253 2574 quid

353 2586 656 2650 superstitio
685 2587 986 2651 oggarium,
1024 2600 1158 2650 quae
1191 2586 1365 2636 nullos
1394 2586 1559 2652 magis
1590 2585 1725 2647 odit,
1766 2600 1923 2650 quam
1954 2586 2043 2650 qui
2074 2599 2253 2636 veram

353 2662 622 2713 scientiam
643 2676 917 2727 veramque
938 2665 1090 2712 vitam
1113 2661 1308 2713 colunt.
1382 2661 1449 2712 Et
1467 2660 1593 2729 proh
1617 2659 1786 2712 dolor!
1818 2675 1901 2713 res
1922 2676 1983 2712 eo
2001 2662 2107 2712 iam
2128 2677 2257 2728 per-

355 2738 515 2801 venit,
560 2746 614 2789 ut
629 2777 642 2800 ,
683 2740 772 2804 qui
797 2746 970 2805 aperte
999 2739 1251 2800 fatentur,
1290 2753 1349 2790 se
1366 2741 1461 2791 Dei
1482 2738 1650 2792 ideam
1673 2754 1776 2791 nen
1796 2738 1983 2790 habere
2002 2745 2055 2790 et
2072 2740 2249 2790 Deum

356 2830 458 2866 non
487 2816 589 2866 nisi
615 2831 708 2882 per
736 2829 818 2865 res
846 2821 1040 2866 creatas
1079 2815 1337 2880 (quarum
1377 2829 1561 2868 causes
1598 2816 1876 2885 ignorent)
1912 2829 2248 2882 cognoscere,
2340 2845 2342 2860 ι

355 2907 460 2944 non
483 2891 792 2944 erubescant
811 2890 1151 2961 philosophos
1171 2893 1409 2944 atheismi
1432 2907 1693 2946 accusare.
2337 2871 2343 2918 ¹

458 2970 510 3021 3.
566 2970 632 3018 Ut
667 2975 839 3018 autem
880 2983 986 3019 rem
1023 2969 1201 3020 ordine
1240 2969 1521 3033 deducam,
1579 2970 1879 3033 ostendam,
1929 2971 2253 3036 prophetias

355 3048 670 3106 vav-iuvisse,
703 3058 806 3094 non
827 3051 1027 3098 tantum
1047 3061 1140 3113 pro
1162 3049 1356 3099 ratione
1377 3049 1759 3116 imaginationis
1782 3056 1831 3099 et
1849 3051 2251 3114 temperamenti
