2350 3475
322 79 448 150 218
717 49 1114 130 ’ΤιιΔοΤΛΤυε
1151 80 1809 128 TnEoLofflco-Pom'r.

325 269 618 328 cesserunt,
659 263 851 328 iusque
885 275 1040 312 suum
1075 261 1132 315 in
1157 261 1326 312 Deum
1366 259 1763 324 transtulerunt,
1804 261 1959 313 sicuti
1988 261 2045 313 in
2074 267 2233 313 statu

325 339 454 392 civili
483 337 956 405 fieri‚diximus*).-
1007 337 1108 390 Sed
1137 337 1202 390 de
1232 339 1384 390 bisin
1406 339 1747 405 sequentibus
1766 339 2020 406 prolixius
2040 350 2229 406 agam.

325 418 412 470 57.
447 419 640 470 Verum
669 415 850 468 instari
877 413 1044 466 adhuc
1071 421 1267 482 potest,
1308 414 1448 480 quod
1476 429 1713 468 summae
1740 423 2021 482 potestates
2049 429 2232 482 aeque

325 509 384 548 ac
410 493 608 548 subditi
634 491 732 544 hoc
759 493 872 544 iure
901 491 1076 545 divino
1103 497 1370 554 tenentur,
1412 507 1543 558 quas
1573 499 1745 544 tamen
1764 492 1991 544 diximus
2012 494 2103 544 ius
2128 507 2233 543 na-
2309 537 2310 546 ,

324 571 488 624 tur-ale
515 570 732 622 retinere
761 577 811 620 et
837 569 906 623 iis
937 569 1110 621 omnia
1139 569 1251 620 iure
1280 569 1451 620 licere.
1485 601 1491 606 -
1524 572 1697 633 Quare
1722 569 1789 620 ad
1808 569 1943 622 hanc
1958 571 2229 636 integram

325 647 659 700 amovendam
681 645 1058 711 difficultatem,
1099 661 1233 711 quae
1258 661 1363 698 non
1392 653 1495 698 tam
1526 660 1583 698 ex
1602 647 1799 699 ratione
1816 653 2014 711 status,
2056 661 2229 712 quam
2309 711 2310 714 Ἰ

325 718 456 778 iuris
481 723 728 776 naturalis
757 725 946 786 oritur,
989 722 1132 786 dico,
1173 722 1315 789 quod
1348 724 1715 790 unusquisque
1742 723 1797 775 in
1825 729 1965 776 statu
1990 723 2229 775 naturali
2309 733 2310 774 l

327 801 508 853 eadem
528 800 722 852 ratione
741 807 943 852 tenetur
960 801 1072 852 iure
1091 799 1309 851 revelato
1322 839 1337 864 ,
1378 815 1447 852 ac.
1456 807 1659 853 tenetur
1676 815 1736 852 cx
1752 800 2035 872 dictamine
2056 804 2235 852 sanae·
2309 797 2310 828 ἓ

326 877 539 930 rationis
559 878 751 938 vivere3
791 873 978 944 nempe
999 878 1120 943 quia
1138 878 1243 944 ipsi
1264 878 1445 930 utilius
1460 885 1613 930 estet
1630 878 1696 930 ad
1716 878 1936 930 salutem
1966 891 2231 929 necessa-

329 955 461 1006 rium
477 991 491 1017 ‚
533 953 672 1020 quod
691 954 738 1006 si
758 953 938 1018 nollet,
979 968 1100 1006 cum
1119 968 1219 1006 suo
1235 955 1465 1020 periculo
1482 956 1618 1007 licet.
1690 955 1774 1008 58.
1805 955 1981 1022 Atque
2001 954 2141 1006 adeo
2164 969 2229 1006 ex

329 1031 444 1082 solo
460 1032 694 1098 proprio,
724 1045 828 1082 non
851 1037 1019 1083 autem
1041 1045 1100 1083 ex
1119 1029 1333 1083 alterius
1352 1032 1555 1084 decreto
1572 1035 1761 1097 vivere,
1796 1045 1967 1098 neque
1988 1031 2226 1096 aliquem

330 1108 596 1162 mortalem
613 1107 836 1163 iudicem
853 1147 868 1171 ‚
901 1122 994 1160 nec
1012 1109 1124 1160 iure
1141 1109 1402 1174 religionis
1420 1108 1677 1163 vindicem
1696 1122 1971 1176 agnoscere
1988 1113 2224 1160 tenetur.
2309 1109 2310 1114 ’

329 1185 503 1252 Atque
529 1185 628 1236 hoc
651 1187 735 1237 ius
765 1199 1026 1238 summam
1045 1192 1352 1253 potestatem
1371 1189 1648 1239 retinuisse
1667 1186 1891 1251 affirmo,
1932 1199 2069 1252 quae
2092 1185 2225 1250 qui-

331 1262 448 1314 dem
485 1262 720 1316 homines
757 1262 1025 1325 consulere
1063 1269 1259 1330 potest,
1301 1269 1351 1314 at
1377 1265 1637 1316 neminem
1674 1263 1899 1315 iudicem
1936 1275 2225 1329 agnoscere
2309 1281 2310 1286 ¹

332 1347 559 1402 tenetur,
602 1353 696 1391 nec
725 1339 891 1391 ullum
922 1339 1188 1392 mortalem
1220 1347 1419 1406 praeter
1447 1355 1505 1392 se
1534 1341 1752 1392 alicuius
1780 1340 1910 1391 iuris
1940 1339 2223 1398 vindicem,
2309 1393 2310 1400 χ

333 1417 432 1469 nisi
455 1417 782 1484 prophetam,
823 1418 912 1482 qui
934 1431 1172 1484 expresse
1192 1432 1222 1469 a
1240 1419 1351 1469 Deo
1378 1417 1575 1469 missus
1604 1418 1787 1480 merit,
1828 1417 2025 1482 quique
2053 1416 2107 1467 id
2136 1417 2223 1466 in-
2309 1405 2310 1440 ³

332 1493 580 1558 dubitatis
608 1495 773 1559 signis
805 1494 1107 1556 ostenderit.
1186 1494 1270 1545 59.
1307 1493 1381 1546 At
1414 1509 1509 1545 nec
1541 1500 1663 1545 tunc
1692 1493 1903 1560 quidem
1932 1493 2221 1555 hom-inem,

332 1570 423 1622 sed
456 1571 624 1621 Deum
664 1571 838 1636 ipsum
875 1570 1098 1622 iudicem
1134 1584 1411 1638 agnoscere
1448 1571 1665 1638 cogitur.
1737 1570 1891 1633 Quod
1928 1571 1973 1620 si
2012 1582 2223 1621 summa

334 1653 562 1715 potestas
590 1645 747 1698 nollet
763 1648 872 1698 Deo
899 1648 951 1698 in
980 1647 1090 1700 iure
1119 1661 1217 1700 suo
1247 1648 1461 1700 revelato
1493 1647 1731 1712 obedire,
1768 1646 1823 1698 id
1852 1647 1952 1714 ipsi
1981 1659 2101 1698 cum
2122 1659 2221 1695 suo

334 1721 564 1791 periculo
594 1729 644 1775 et
673 1723 862 1776 damno
887 1721 1217 1787 licet,'nullo
1247 1726 1443 1778 scilicet
1469 1726 1579 1777 iure
1607 1723 1739 1777 civili
1768 1723 1845 1777 vel
1876 1722 2097 1775 naturali
2137 1735 2221 1773 re-

336 1806 612 1867 pugnante.
664 1802 755 1852 lus
775 1800 912 1853 enim
933 1802 1077 1855 civile
1094 1802 1160 1854 ab
1182 1804 1294 1854 eius
1314 1802 1515 1853 decreto
1535 1808 1735 1853 tantum
1755 1801 1963 1870 pendet.
2014 1800 2102 1852 60.
2128 1800 2221 1849 Ius
2309 1794 2310 1807 ¹

335 1885 506 1933 autem
544 1876 776 1928 naturale
813 1878 1004 1945 pendet
1039 1893 1068 1929 a
1103 1878 1309 1946 legibus
1345 1886 1581 1943 naturae,
1639 1894 1772 1945 quae
1816 1893 1920 1931 non
1958 1876 2215 1942 religioni,

337 1954 622 2005 humanum
651 1952 854 2007 tantum
878 1956 1004 2007 utile
1031 1956 1350 2019 intendenti,
1388 1955 1479 2007 sed
1510 1956 1679 2008 ordini
1698 1957 1969 2008 universae
1987 1962 2212 2015 naturae,
2309 2006 2310 2019 χ

337 2031 434 2082 hoc
459 2039 564 2094 est,
603 2037 812 2083 aeterno
829 2033 924 2083 Dei
955 2032 1158 2084 decreto
1192 2031 1343 2084 nobis
1362 2034 1621 2099 incognito
1640 2031 2053 2088 accommodatae
2074 2036 2213 2082 sunt.
2244 2030 2255 2043 '

339 2107 490 2171 Quod
537 2108 746 2175 quidem
793 2109 879 2161 alii
917 2107 1193 2161 obscurius
1231 2112 1531 2179 concepisse
1566 2110 1835 2175 videntur,
1895 2109 1985 2174 qui
2025 2108 2218 2159 scilicet

339 2191 596 2249 statuunt,
637 2185 900 2237 hominem
919 2194 1094 2238 contra
1113 2186 1423 2240 voluntatem
1444 2190 1538 2240 Dei
1560 2188 1827 2239 revelatam
1850 2185 2059 2252 quidem
2074 2222 2087 2247 ,
2125 2183 2216 2235 sed

340 2276 442 2313 non
463 2269 636 2313 contra
657 2263 768 2314 eius
789 2269 1056 2314 aeternum
1078 2264 1369 2330 decretum,
1408 2280 1509 2331 quo
1532 2266 1701 2316 omnia
1723 2256 2211 2330 praedeterminavit,

339 2352 494 2405 posse
533 2352 762 2406 peccare.
835 2340 921 2391 61.
961 2340 1017 2391 Si
1045 2342 1165 2407 quis
1202 2350 1371 2397 autem
1415 2344 1515 2393 iam
1558 2348 1725 2408 roget:
1775 2338 1900 2405 quid
1936 2339 1983 2389 si
2017 2352 2215 2391 summa

342 2422 569 2482 potestas
616 2414 812 2481 aliquid
858 2424 1032 2469 contra
1067 2418 1365 2486 religionem
1402 2426 1454 2471 et
1490 2412 1862 2479 obedientiam,
1918 2430 2073 2482 quam
2109 2416 2213 2467 Deo

340 2506 580 2561 expresso
601 2500 748 2559 pacto
768 2496 1133 2561 promisimus»,
1173 2492 1431 2561 imperet?
1466 2495 1639 2547 divino
1660 2509 1725 2545 an
1754 2494 1979 2545 humano
2008 2494 2213 2559 imperio
2309 2522 2310 2525 =

343 2570 804 2635 obtemperandum
820 2567 848 2621 *ἶ
899 2573 1000 2624 Sed
1021 2574 1142 2639 quia
1164 2573 1227 2623 de
1251 2572 1405 2623 bisin
1428 2570 1769 2638 sequentibus
1789 2570 2036 2637 prolixius
2052 2584 2207 2637 agam,

344 2645 426 2695 hic
447 2646 667 2698 breviter
681 2653 881 2698 tantum
903 2648 1066 2712 dico‚'
1085 2640 1195 2701 D'eo
1214 2663 1369 2715 supra
1398 2650 1571 2700 omnia
1599 2647 1977 2710 obediendum,
2016 2645 2212 2713 quando
2309 2690 2310 2705 ,

343 2728 529 2775 certam
551 2730 600 2775 et
618 2724 960 2778 indubitatam
980 2726 1233 2778 habemus
1254 2724 1631 2777 revelationem.
1702 2727 1787 2779 62.
1828 2724 1929 2775 Sed
1954 2723 2071 2789 quia
2088 2723 2213 2773 circa
2308 2740 2310 2797 ἕ

347 2798 641 2865 religionem
662 2803 879 2856 maxime
897 2818 1062 2855 errare
1083 2803 1253 2855 solent
1273 2794 1510 2854 homines
1531 2810 1581 2855 et
1601 2816 1693 2869 pro
1710 2802 2030 2869 ingeniorum
2051 2800 2213 2851 divcr-
2309 2804 2310 2809 ’

347 2878 496 2928 sitate
525 2878 684 2950 multa
713 2892 896 2945 magno
927 2880 1203 2933 certamine
1233 2879 1425 2947 fingere
1434 2918 1451 2945 ,
1493 2886 1550 2932 ut
1576 2878 1884 2946 experientia
1921 2876 2038 2945 plus
2064 2888 2213 2943 quam
2309 2874 2310 2883 ’

449 3048 488 3099 ·)
527 3046 625 3090 via.
643 3048 686 3101 ς.
707 3047 772 3088 ²4.
