2350 3475
390 116 468 175 ιο
788 116 1183 163 TRACTATUS
1220 117 1621 164 ‘rnnonoelco
1634 120 1873 167 -eour,

301 285 310 295 ’
385 298 641 365 cuiusque
670 295 924 364 cupiditas
954 305 1006 350 et
1024 296 1249 363 potentia
1272 310 1328 347 se
1350 295 1598 360 extendit,
1639 303 1689 348 et
1708 291 1849 363 quod
1868 310 2021 349 nemo
2041 297 2154 349 iure
2173 312 2291 350 na-

382 383 528 428 turae
557 391 615 428 ex
643 376 856 427 alterius
892 377 1099 443 ingenio
1133 376 1299 428 vivere
1336 381 1564 436 tenetur,
1604 376 1695 427 sed
1739 390 1867 427 suae
1902 377 2290 441 unusquisque

381 453 636 506 libertatis
675 451 857 503 vindex
892 461 989 506 est.
1063 456 1151 507 30.
1187 455 1456 504 Praeterea
1485 452 1702 504 ostendo
1736 452 1833 503 hoc
1859 453 1970 505 iure
2006 454 2291 505 neminem

380 544 553 585 revera
584 528 792 592 cedere,
832 530 933 582 nisi
963 533 1054 597 qui
1083 536 1394 599 potestatem
1424 542 1483 580 se
1513 528 1820 581 defendendi
1840 530 1894 580 in
1914 530 2073 581 alium
2092 536 2290 581 trans-

281 642 286 647 ·
382 608 510 669 fert,
550 612 703 671 atque
724 618 844 657 eum
865 610 1157 661 necessario
1178 608 1375 659 hocius
1406 607 1635 659 naturale
1665 604 1900 658 absolute
1926 608 2175 671 retinere,
2227 610 2287 658 in

383 697 538 750 quem
559 684 926 749 unusquisque
958 685 1042 737 ius
1062 700 1220 737 suum
1242 699 1300 736 ex
1318 685 1526 752 proprio
1548 698 1645 734 suo
1665 684 1871 748 ingenio
1888 684 2089 735 vivendi
2112 685 2291 735 simul

383 774 502 812 cum
531 765 783 830 potestate
815 774 932 812 sese
959 761 1272 814 defendendi
1308 762 1585 813 transtulit.
1657 760 1832 827 Atque
1871 760 1992 813 hinc
2028 762 2287 823 ostend0,

381 850 473 887 eos
505 838 602 902 qui
625 851 883 887 summum
909 841 1192 905 imperium
1222 844 1421 903 tenent,
1462 839 1545 889 ius
1574 838 1639 889 ad
1669 838 1841 888 omnia
1878 852 2011 902 quae
2048 847 2292 903 possunt

380 912 595 978 hahere,
635 912 882 979 solosque
910 916 1138 967 vindices
1167 917 1298 967 iuris
1327 923 1377 969 et
1396 910 1643 967 libertatis
1665 928 1809 977 esse,
1850 913 2076 979 reliquos
2098 922 2291 966 autem

385 1004 442 1041 ex
473 989 586 1041 solo
614 1003 792 1041 eorum
821 990 1024 1044 decreto
1044 994 1219 1043 omnia
1237 1006 1384 1059 agere
1404 992 1611 1044 debere.
1685 992 1770 1042 31.
1811 992 2004 1042 Verum
2025 992 2291 1056 quoniam

384 1076 538 1119 nemo
568 1071 822 1133 potestate
847 1082 944 1120 sua
975 1084 1034 1121 se
1062 1069 1370 1121 defendendi
1398 1070 1469 1120 ita
1498 1083 1555 1120 se
1583 1069 1779 1134 privare
1801 1068 2001 1133 potest,
2039 1075 2099 1118 ut
2116 1068 2293 1120 homo

383 1154 500 1196 esse
521 1144 751 1206 desinat,
791 1143 910 1195 hinc
929 1146 1202 1208 concludo,
1240 1148 1499 1197 neminem
1518 1149 1633 1199 iure
1650 1160 1747 1196 suo
1764 1145 2006 1195 naturali
2032 1146 2292 1196 absolute

379 1223 590 1288 ρήναν-ἰ
603 1236 789 1288 posse,
829 1220 924 1272 sed
951 1222 1191 1275 subditos
1217 1224 1469 1289 quaedam
1499 1224 1653 1289 quasi
1671 1229 1880 1273 naturae
1900 1222 2013 1273 iure
2029 1222 2288 1289 retinere,

382 1312 516 1365 quae
534 1300 600 1350 iis
621 1297 776 1349 adimi
800 1312 903 1349 non
921 1308 1142 1364 possunt
1160 1301 1277 1352 sine
1298 1314 1484 1367 magno
1505 1300 1702 1367 imperii
1736 1297 1964 1365 periculo
1977 1340 1992 1363 ,
2031 1314 2290 1365 quaeque

383 1376 512 1428 adeo
540 1374 673 1441 ipsis
703 1373 781 1425 vel
808 1376 957 1426 tacite
987 1377 1371 1439 conceduntur,
1412 1376 1488 1449 vel
1514 1378 1616 1443 ipsi
1649 1390 1887 1442 expresse
1907 1390 2029 1427 cum
2048 1378 2143 1440 iis,
2185 1380 2289 1442 qui

381 1453 658 1519 imperium
678 1458 854 1502 tenent
874 1491 888 1512 ‚
925 1454 1260 1518 stipulantur.
1333 1454 1432 1504 His
1451 1452 1787 1504 consideratis
1806 1452 1872 1502 ad
1884 1454 2288 1521 rempublicam

382 1530 746 1582 Hebraeorum
763 1535 970 1580 transeo
985 1568 1000 1591 ‚
1034 1545 1191 1596 quam
1206 1569 1219 1593 ,
1258 1537 1319 1581 ut
1338 1530 1609 1581 ostendam
1630 1542 1733 1593 qua
1765 1530 1958 1580 ratione
1975 1538 2026 1579 et
2045 1544 2289 1596 quorum

382 1604 587 1657 decreto
607 1605 783 1669 religio
802 1605 902 1654 vim
923 1605 1051 1656 iuris
1072 1606 1261 1658 hahere
1279 1607 1498 1672 incepit,
1539 1613 1589 1657 et
1614 1605 1781 1657 obiter
1794 1607 1949 1657 etiam
1969 1606 2066 1658 alia
2084 1644 2099 1668 ,
2138 1621 2292 1672 quae

379 1683 514 1734 scitu
555 1681 710 1748 digne
746 1678 1075 1747 videbantur,
1135 1684 1261 1734 satis
1300 1683 1491 1752 prolixe
1530 1681 1786 1735 describo.
1859 1684 1943 1739 32.
1981 1684 2111 1734 Post
2148 1682 2291 1735 haec

381 1759 629 1821 ostendo,
669 1771 759 1810 eos
790 1757 882 1822 qni
913 1772 1183 1811 summum
1215 1761 1491 1826 imperinm
1522 1767 1725 1825 tenent,
1766 1775 1869 1813 non
1904 1768 2105 1812 tentum
2142 1763 2288 1814 iuris

379 1836 572 1897 civilis,
611 1829 703 1886 sed
735 1834 887 1885 etiam
917 1838 1046 1888 sacri
1075 1837 1304 1889 vindices
1338 1846 1386 1889 et
1404 1840 1707 1904 interpretes
1727 1853 1872 1901 esse,
1916 1851 2111 1904 eosque
2131 1839 2286 1890 solos

376 1914 462 1965 ius
483 1910 674 1963 habere
693 1911 1050 1978 discernendi,
1092 1915 1221 1979 quid
1241 1915 1466 1978 iustum,
1507 1915 1634 1980 quid
1654 1916 1935 1976 iniustum,
1977 1916 2102 1980 quid
2126 1916 2287 1982 pium

377 1999 429 2042 et
447 1988 574 2055 quid
593 1989 815 2055 impium
839 1989 928 2040 sit.
1000 1991 1068 2042 Et
1086 1991 1292 2042 tandem
1319 1991 1599 2054 concludo,
1624 1992 1835 2044 eosdem
1858 1993 2055 2043 hocius
2074 1993 2286 2058 optime

379 2067 600 2118 retinere
631 2071 682 2116 et
710 2066 984 2131 imperinm
1004 2075 1116 2118 tuto
1135 2081 1434 2120 conservare
1452 2082 1609 2135 posse
1624 2109 1638 2131 ‚
1675 2073 1727 2119 si
1740 2070 1895 2120 modo
1912 2073 2206 2134 unicuique
2230 2077 2290 2120 et

380 2145 578 2195 sentire
597 2156 735 2208 quae
753 2143 916 2205 velit,·
941 2149 996 2194 et
1010 2161 1148 2210 quae
1165 2149 1371 2198 sentiat.
1382 2147 1558 2196 dicere
1576 2147 1913 2196 concedatur.

483 2219 568 2270 33.
606 2218 748 2270 Haec
767 2227 890 2269 sunt
905 2257 919 2281 ‚
944 2220 1249 2288 philosophe
1268 2222 1444 2287 lector,
1478 2237 1613 2288 quae
1631 2223 1725 2274 tihi
1743 2223 1828 2274 hic
1846 2223 2187 2274 examinanda
2212 2225 2286 2274 do

379 2309 618 2364 quaeque
655 2308 760 2345 non
791 2295 986 2360 ingrata
1008 2297 1117 2348 fore
1137 2298 1340 2350 confido
1360 2298 1426 2350 oh
1445 2301 1808 2366 praestantiam
1830 2307 1880 2350 et
1898 2299 2171 2350 utilitatem
2198 2315 2287 2350 ar-

300 2387 304 2391 ·
379 2373 612 2441 gumenti
633 2379 738 2422 tam
757 2372 918 2424 totius
933 2376 1121 2439 operis,
1138 2391 1295 2442 quam
1312 2377 1729 2441 uniuscuiusque
1742 2377 1945 2442 cepitiS.
1982 2377 2059 2428 De
2072 2375 2283 2442 quibus

378 2452 525 2518 plura
545 2448 816 2509 adderem;
837 2447 929 2499 sed
951 2452 1068 2502 nolo
1089 2461 1148 2503 ut
1165 2451 1291 2504 haec
1310 2453 1557 2519 praefatio
1571 2455 1623 2504 in
1640 2452 1878 2503 volumen
1894 2461 2107 2515 crescat,
2125 2467 2284 2520 prae—

286 2557 303 2573 .
377 2527 553 2578 sertim
586 2524 708 2591 quia
736 2527 1008 2592 praecipua
1028 2528 1351 2597 philosophis
1384 2531 1509 2581 satis
1540 2543 1801 2598 superque
1818 2536 1937 2580 nota
1958 2544 2075 2582 esse
2094 2531 2280 2582 credo.

375 2603 612 2668 Reliquis
649 2605 825 2652 autem
861 2602 1000 2656 hunc
1036 2613 1307 2661 tractatum
1347 2606 1709 2658 commendare
1746 2621 1848 2656 non
1884 2607 2097 2668 stadem
2146 2623 2281 2658 nam

377 2677 514 2730 nihil
551 2685 630 2730 cst
665 2684 806 2744 quod
843 2697 1048 2750 sperem
1079 2684 1312 2744 ‚eundem
1344 2685 1408 2734 iis
1438 2683 1638 2749 plaeere
1668 2683 1839 2748 aliqua
1870 2685 2063 2735 ratione
2090 2697 2279 2748 posse.

376 2757 506 2810 Novi
536 2759 673 2809 enim
690 2798 704 2822 ‚
745 2775 902 2828 quam
935 2761 1259 2828 pertinaciter
1286 2773 1345 2812 ea
1374 2759 1686 2827 praeiudicia
1714 2761 1765 2810 in
1789 2768 1959 2812 mente
1980 2760 2277 2826 inhaerent,

378 2849 514 2900 quae
529 2837 735 2902 pietatis
755 2840 929 2906 specie
947 2837 1213 2902 amplexus
1232 2843 1312 2888 est
1331 2837 1566 2898 animus;
1608 2838 1724 2888 novi
1745 2837 1947 2901 deinde,
1990 2850 2155 2902 aeque
2172 2839 2285 2889 im-

377 2911 626 2980 possibile
648 2927 764 2966 esse
781 2916 933 2981 vulgo
954 2914 1377 2979 superstitionem
1399 2913 1624 2967 adimere
1644 2929 1704 2966 ac
1722 2921 1947 2976 metnm3
1987 2914 2104 2964 novi
2124 2914 2285 2966 deni-

379 3003 482 3056 que
511 2992 852 3043 constantiam
881 2989 1018 3054 vulgi
1051 2992 1428 3042 contumaciam
1457 2985 1734 3057 esse,'nec
1763 2994 1958 3043 ratione
1995 2991 2101 3056 regi
2118 3031 2132 3054 ‚
2174 2994 2281 3044 sed

377 3068 576 3135 impetn
605 3068 714 3135 rapi
745 3065 813 3119 ad
839 3065 1159 3119 laudandum
1189 3067 1267 3120 vel
1296 3067 1713 3137 vituperandum.
1787 3071 1872 3122 34.
1910 3069 2110 3134 Vulgus
2147 3083 2281 3136 ergo
