2350 3475
899 120 1038 168 car.
1091 121 1227 167 xvr.
1878 121 2005 182 217

113 297 428 351 revelatione
478 297 644 364 siguis
695 296 1010 350 confirmata·
1045 300 1413 366 unusquisque
1467 299 1519 352 id
1570 299 1759 352 babere
1812 308 2002 368 potest.

114 377 202 426 54.
244 373 420 438 Quare
451 381 569 426 ante
596 375 956 428 revelationem
985 389 1138 427 nemo
1167 377 1277 428 iure
1304 377 1508 440 divino,
1547 375 1688 444 quod
1709 391 1815 430 nou
1834 385 2008 446 potest

113 466 222 503 non
254 453 520 517 ignorare,
561 459 782 504 tenetur.
855 453 922 504 Et
944 453 1064 505 ideo
1091 460 1258 514 status
1286 455 1537 506 naturalis
1563 467 1682 507 cum
1710 462 1853 507 statu
1885 455 2007 508 reli-

113 529 290 594 gionis
328 530 542 582 minime
581 529 1010 592 confundendus,
1049 529 1144 583 sed
1176 530 1377 598 absque
1414 532 1659 599 religione
1696 539 1747 584 et
1775 532 1915 599 lege,
1956 541 2007 583 et

112 613 498 672 consequenter
541 605 740 672 absque
781 614 988 674 peccato
1033 615 1085 660 et
1129 609 1319 660 iniuria
1352 609 1748 677 concipiendus,
1810 617 1869 661 ut
1902 611 2005 660 iam

112 683 342 734 fecimus
379 690 430 735 et
455 683 600 738 Pauli
641 685 938 736 auctoritate
965 684 1467 748 confirmavimus*).
1542 689 1628 738 55.
1666 687 1775 739 Nec
1800 692 2001 737 tantum

111 761 318 812 ratione
335 761 654 826 ignorantiae
673 766 866 812 statum
897 762 1181 814 naturalem
1208 770 1327 813 ante
1354 763 1437 814 ius
1464 763 1697 816 divinum
1728 763 2003 815 revelatum

111 843 166 888 et
205 835 406 904 absque
441 837 622 890 eodem
662 839 1010 904 concipimus,
1051 839 1144 891 sed
1184 840 1337 908 etiam
1364 840 1561 892 ratione
1586 840 1863 902 libertatis,
1905 855 2007 906 qua

113 927 304 966 omnes
325 922 626 966 nascuntur.
681 915 738 966 Si
758 916 896 966 enim
915 915 1151 966 homines
1171 931 1232 967 ex
1250 923 1432 968 natura
1450 918 1561 968 iure
1582 916 1754 969 divino
1771 923 2009 971 teneren-

111 998 232 1054 tur,
273 990 350 1042 vel
379 992 424 1042 si
453 992 536 1044 ius
565 991 794 1044 divinum
823 1006 880 1042 ex
907 1000 1086 1044 natura
1113 993 1200 1044 ius
1227 998 1393 1056 esse-t,
1430 993 1755 1060 superfluum
1776 1003 1909 1056 erat,
1950 999 2009 1044 ut

111 1069 266 1120 Deus
286 1081 404 1120 cum
424 1065 726 1120 hominibus
746 1075 1064 1120 contractum
1084 1069 1239 1121 iniret
1256 1077 1305 1120 et
1324 1077 1471 1135 pacto
1492 1077 1544 1122 et
1570 1072 1857 1123 iuramento
1886 1084 2007 1122 eos-

112 1146 242 1196 dem
271 1144 536 1210 obligaret.
612 1146 696 1198 56.
735 1147 908 1208 Quare
939 1145 1176 1198 absolute
1207 1146 1626 1210 concedendum,
1665 1149 1750 1199 ius
1774 1146 2005 1198 divinum

13 1247 36 1308 j
112 1221 186 1274 ab
215 1237 278 1274 eo
309 1230 536 1288 tempore
563 1223 852 1288 incepisse,
890 1236 919 1274 a
949 1236 1053 1289 quo
1069 1222 1307 1274 homines
1328 1237 1569 1290 expresso
1588 1230 1734 1290 pacto
1754 1225 1863 1274 Deo
1884 1236 2008 1290 pro-

111 1299 378 1350 miserunt
412 1300 466 1350 in
501 1297 746 1353 omnibus
784 1299 1020 1363 obedire,
1059 1314 1164 1366 quo
1202 1314 1298 1352 sua
1336 1299 1571 1352 libertate
1599 1300 1823 1352 naturali
1854 1301 2005 1365 quasi

113 1467 292 1524 perte.)
327 1467 461 1522 Quod
481 1473 638 1512 autem
659 1468 718 1512 ad
737 1467 888 1525 legem
907 1469 1112 1514 divinam
1131 1467 1393 1513 naturalem
1414 1467 1595 1524 attinet,
1616 1467 1749 1514 cuius
1768 1478 2007 1512 summum

115 1534 428 1584 praeceptum
463 1539 570 1572 esse
599 1527 826 1583 diximus,
855 1529 1032 1574 Deum
1069 1540 1291 1584 amare,
1320 1539 1377 1572 eo
1404 1539 1546 1572 sensu
1574 1527 1725 1584 legem
1756 1525 2005 1583 appellavi,

115 1599 216 1643 quo
238 1584 503 1642 philosophi
525 1599 800 1634 communes
821 1595 1014 1634 naturae
1034 1586 1247 1643 regulas,
1276 1588 1535 1632 secundum
1558 1599 1675 1644 quas
1694 1587 1853 1632 omnia
1872 1585 2007 1640 flunt,

115 1645 251 1700 leges
276 1652 454 1690 vocant.
509 1645 653 1690 Amor
671 1649 795 1692 enim
815 1649 900 1692 Dei
923 1660 1013 1692 non
1033 1647 1327 1704 obedientia,
1356 1647 1439 1692 sed
1470 1647 1612 1692 virtus
1642 1652 1738 1701 est,
1768 1658 1889 1702 quae
1918 1645 2008 1690 ho-

115 1706 256 1761 mini,
288 1705 367 1762 qui
387 1705 538 1753 Deum
558 1713 686 1752 recte
706 1707 856 1765 novit,
888 1707 1153 1753 necessario
1175 1706 1312 1752 inest.
1356 1706 1414 1751 At
1434 1705 1703 1752 obedientia
1723 1704 2006 1751 voluntatem

115 1767 424 1823 imperantis,
455 1778 548 1811 non
585 1768 654 1811 rei
691 1768 1018 1814 necessitatem
1055 1767 1249 1823 respicit
1274 1772 1321 1811 et
1345 1768 1607 1812 veritatem.
1663 1768 1818 1823 Quum
1848 1771 2007 1811 autem

117 1832 340 1870 naturam
362 1825 446 1870 Dei
477 1827 725 1871 voluntatis
753 1828 1046 1885 ignoremus,
1079 1834 1126 1871 et
1150 1833 1313 1873 contra
1343 1827 1457 1871 certi
1484 1828 1657 1883 simus,
1687 1826 1913 1883 quidquid
1942 1824 2009 1885 lit,

117 1898 176 1930 ex
196 1884 299 1929 sola
313 1882 398 1929 Dei
417 1886 624 1941 potentia
645 1886 761 1942 fieri,
792 1900 1092 1944 nequaquam
1112 1888 1201 1931 nisi
1222 1898 1276 1931 ex
1300 1885 1581 1931 revelatione
1599 1887 1721 1931 scire
1741 1898 2009 1943 possumus,

118 1946 324 1991 anneus
336 1943 494 2001 aliquo
507 1944 686 1990 honore
704 1947 797 1991 coli
816 1947 926 1991 velit
944 1948 1005 1991 ab
1028 1946 1297 1991 hominibus
1320 1952 1558 2003 tamquam
1580 1948 1811 2003 princeps.
1850 1945 2011 1999 (Aliter

119 2003 274 2051 Gall-t
305 2004 394 2049 Car
412 2016 595 2049 comme
615 2004 648 2049 il
667 2018 786 2051 nous
807 2012 878 2051 est
895 2006 1172 2063 impossible
1202 2006 1344 2058 (ainsi
1363 2018 1456 2062 que
1476 2018 1594 2050 nous
1614 2004 1789 2050 l'avons
1810 2006 1895 2049 fait
1911 2006 2012 2049 voir

118 2078 184 2108 au
201 2064 417 2119 chapitre
433 2066 495 2116 4.)
517 2066 574 2109 de
593 2066 840 2111 concevoir
857 2066 977 2110 Dieu
997 2078 1181 2110 comme
1201 2077 1265 2109 un
1285 2064 1446 2122 prince
1464 2064 1545 2121 qui
1566 2065 1651 2109 l'ait
1668 2066 1749 2109 des
1770 2064 1887 2119 loix,
1918 2076 2011 2120 que

119 2136 244 2167 nous
266 2134 474 2178 pouvons
493 2124 663 2181 violer,
694 2124 727 2167 il
747 2130 818 2169 est
837 2124 1018 2169 effidem
1037 2137 1128 2182 que
1148 2124 1230 2168 nul
1250 2124 1457 2179 homme,
1479 2124 1560 2180 qui
1580 2125 1655 2169 n’a
1674 2136 1765 2181 que
1786 2123 1831 2168 la
1852 2124 2009 2169 raison

120 2194 248 2239 pour
275 2181 412 2237 guide
425 2214 438 2237 ,
469 2195 526 2227 ne
545 2190 656 2238 peut
673 2186 827 2228 savoir
845 2184 960 2241 qu’il
977 2184 1070 2228 soit
1088 2183 1245 2239 ohlige
1264 2182 1445 2228 d'obeir
1470 2184 1499 2227 a
1521 2183 1681 2237 Dieu.)
1732 2181 1860 2226 Adde
1880 2182 2007 2239 quod

121 2244 228 2287 iura
267 2242 418 2286 divina
457 2242 594 2287 nobis
629 2248 682 2286 ut
709 2244 810 2288 iura
837 2256 921 2289 seu
951 2244 1159 2288 instituta
1188 2244 1332 2287 videri
1360 2242 1731 2297 ostenderimus,
1760 2252 1902 2297 quam
1930 2242 2010 2286 diu

122 2314 291 2346 eorum
321 2306 514 2347 causam
545 2302 830 2357 ignoramus.
885 2302 1053 2357 (Gall.:
1084 2303 1354 2358 Davantage
1381 2314 1500 2346 nous
1528 2314 1672 2346 avons
1702 2300 1887 2345 mentre
1916 2312 2011 2357 que

121 2362 191 2406 les
215 2362 629 2405 commandemens
643 2393 657 2417 ,
685 2374 778 2419 que
796 2363 914 2407 Dieu
935 2376 960 2407 a
981 2362 1152 2414 revele,
1184 2375 1242 2407 ne
1262 2375 1381 2407 nous
1400 2361 1611 2417 obligent
1630 2360 1776 2416 point,
1807 2364 1853 2403 et
1871 2359 2011 2415 qu’ils

123 2434 182 2465 ne
203 2426 394 2477 passent
413 2432 531 2477 pour
549 2422 960 2467 commendemens
981 2424 1009 2466 a
1028 2420 1161 2466 notre
1183 2420 1322 2478 egard
1338 2454 1349 2475 ,
1381 2433 1473 2477 que
1502 2418 1652 2464 tundis
1682 2431 1775 2475 que
1804 2430 1922 2463 nous
1954 2430 2010 2465 en

122 2483 348 2538 ignorons
366 2480 414 2525 la
432 2483 609 2531 cause.)
663 2480 764 2526 Hac
784 2487 940 2527 autem
969 2482 1152 2537 cognita
1183 2481 1307 2525 illico
1338 2480 1438 2525 iura
1468 2491 1571 2525 esse
1599 2479 1841 2535 desinunt,
1870 2484 2011 2535 atque

123 2542 294 2585 eadem
330 2547 382 2585 ut
417 2545 634 2585 aeternas
661 2542 903 2597 veritates,
933 2553 1026 2586 non
1055 2548 1105 2587 ut
1132 2542 1236 2587 iura
1266 2539 1620 2596 amplectimur,
1649 2537 1739 2582 hoc
1766 2543 1861 2593 est,
1892 2536 2010 2581 obe-

122 2600 302 2645 dientia
331 2599 459 2644 illico
487 2599 533 2642 in
563 2610 776 2644 amorem
803 2602 994 2651 transit,
1023 2602 1180 2657 quiex
1199 2613 1307 2645 vere
1328 2600 1589 2656 cognitione
1618 2606 1713 2642 tam
1744 2596 2011 2641 necessario

124 2660 304 2715 oritur,
335 2664 386 2703 ut
405 2670 460 2702 ex
478 2657 578 2703 sole
597 2658 772 2703 lumen.
827 2660 895 2704 Ex
914 2661 1107 2705 rationis
1129 2661 1269 2717 igitur
1288 2659 1430 2705 ductu
1448 2658 1600 2702 Deum
1620 2658 1811 2715 quidem
1832 2668 2009 2713 amare,

123 2718 208 2765 sed
229 2730 323 2763 non
343 2717 537 2763 obedire
557 2718 598 2761 ei
619 2730 896 2774 possumus;
933 2720 1312 2777 quandoquidem
1334 2730 1421 2763 nec
1439 2718 1539 2762 iura
1560 2716 1711 2761 divina
1727 2749 1739 2773 ,
1769 2729 1911 2773 quam
1932 2717 2010 2761 diu

123 2790 292 2824 eorum
313 2788 504 2823 causam
524 2778 792 2833 ignoramus
806 2812 819 2835 ,
849 2785 901 2823 ut
919 2778 1070 2824 divina
1091 2778 1335 2835 amplecti,
1367 2789 1453 2822 nec
1470 2778 1621 2821 Deum
1642 2776 1744 2821 iura
1764 2782 1815 2820 ut
1834 2778 2010 2832 princi-

123 2850 236 2895 pem
263 2837 624 2885 constituentem
643 2838 890 2894 concipere
910 2840 1089 2885 ratione
1109 2850 1358 2895 possumus
1380 2835 1545 2891 (saltz
1576 2836 1775 2893 puisque
1804 2848 1922 2881 nous
1952 2848 2010 2881 ne

122 2897 342 2943 saurions
374 2896 581 2941 recevoir
609 2896 676 2941 les
705 2897 1116 2945 commandemens
1143 2899 1201 2943 de
1227 2897 1347 2941 Dieu
1382 2902 1545 2941 autaut
1580 2908 1672 2953 que
1702 2896 2007 2941 commande-

123 2970 286 3007 mens,
315 2958 428 3001 c'est
447 2953 474 2997 ἰι
493 2956 614 3012 dire,
646 2957 798 3001 tandis
819 2970 909 3013 que
930 2970 1046 3002 nous
1065 2968 1126 3003 ne
1143 2956 1212 3002 les
1235 2969 1491 3002 concevons
1514 2968 1597 3011 pas
1626 2967 1810 3001 comme
1837 2950 2005 3001 vetites

125 3015 400 3131 όιεῐὶιῖηὲίεᾱ,
425 3026 520 3129 {³⁰:3³
540 3017 658 3061 Dieu
679 3029 735 3061 ne
757 3028 873 3062 nous
893 3016 962 3062 les
983 3017 1049 3063 ait
1065 3017 1413 3074 expressement
1432 3014 1646 3069 reveles).
1703 3013 1789 3070 Sp.
