2350 3475
333 130 459 194 258
727 129 1120 180 rueramus
1155 127 1819 176 munonouco-rouw.

331 319 534 366 tantum
559 310 886 372 Abarouem,
927 307 1024 360 sed
1053 307 1211 360 etiam
1238 305 1405 359 fliium
1434 308 1554 360 eius
1576 307 1880 360 Eleazarum
1908 315 1961 362 et
1988 315 2249 376 nepotem
2320 350 2322 394 1

327 391 581 444 Piuebam
607 388 762 456 elegit
789 395 840 439 et
869 385 1227 438 auctoritatem
1254 383 1612 451 pontificatum
1638 383 2041 439 administrandi
2070 387 2245 448 dedit,
2320 397 2322 418 1

331 483 490 536 quam
509 473 692 535 postea
709 461 984 534 pontifices
1001 463 1073 515 ita
1093 461 1449 526 retinuerunt,
1490 468 1551 514 ut
1565 459 1731 514 uibilo
1749 465 1927 516 minus
1944 465 2115 519 Hosis
2129 503 2143 526 ‚
2184 464 2245 516 id

331 555 428 611 est,
452 557 688 597 summae
706 541 976 608 potestatis
995 538 1267 592 substituti
1288 537 1603 591 viderentur.
1675 541 1830 603 Nam,
1848 546 1911 593 ut
1925 542 2029 593 iam
2052 547 2249 592 osten-
2323 583 2324 588 ,

332 624 507 676 dimus
525 621 579 689 ¹)
594 657 609 682 ,
636 621 816 674 Moses
835 617 1040 668 nullum
1059 616 1269 684 imperii
1288 629 1653 668 successorem
1670 615 1825 684 elegit
1837 655 1851 678 ‚
1872 615 1967 670 sed
1985 619 2102 672 eius
2118 633 2249 668 om-

332 699 418 752 nia
443 698 608 750 officia
635 697 706 748 ita
733 692 1025 757 distribuit,
1066 700 1126 744 nt
1150 694 1347 760 posteri
1380 693 1497 746 eius
1532 693 1709 745 vicarii
1745 695 1841 747 visi
1876 694 2101 757 fuet-int,
2143 697 2247 761 qui

334 776 610 842 imperium
625 811 640 836 ,
662 772 816 838 quasi
835 786 922 823 rex
939 770 1131 823 absens
1151 777 1321 834 esset,
1353 785 1459 822 non
1478 777 1745 834 mortuus,
1776 771 2245 824 administrabant.

337 852 423 904 37.
459 853 520 902 Iu
539 849 774 902 secundo
794 847 982 902 deinde
1001 848 1221 914 imperio
1242 848 1443 900 hocius
1460 846 1701 900 absolute
1719 855 1996 903 tenuerunt
2023 847 2247 916 pontiti-

333 942 447 992 ces,
487 932 767 994 postquam
795 940 917 978 cum
945 923 1247 992 pontificatu
1268 926 1355 978 ius
1376 925 1699 992 principatus
1716 927 1875 980 etiam
1892 925 2065 992 adepti
2084 933 2245 978 sunt.

336 1006 512 1069 Quare
527 1004 611 1056 ius
631 1003 962 1071 pontificatus
983 1017 1042 1055 ex
1059 1003 1228 1056 edicto
1246 1016 1487 1054 summae
1502 1004 1777 1068 potestatis
1806 1017 2023 1071 semper
2040 1003 2247 1070 depen-

335 1081 441 1144 dit,
485 1095 582 1133 nec
615 1080 886 1148 pontificos
919 1080 974 1132 id
1009 1093 1263 1145 umquam
1300 1079 1405 1130 nisi
1440 1093 1559 1130 eum
1596 1080 1895 1147 principatu
1933 1087 2245 1133 tenuerunt.
2307 1099 2329 1118 Δ

335 1159 423 1212 38.
454 1161 566 1210 imo
585 1158 670 1212 ius
687 1159 823 1211 circa
840 1171 986 1210 sacra
1006 1171 1167 1224 penes
1187 1171 1335 1222 reges
1354 1154 1593 1208 absolute
1611 1156 1715 1209 fuit
1732 1156 1820 1225 (ut
1840 1171 1901 1210 ex
1918 1171 2036 1209 mox
2052 1158 2249 1210 dicen-

335 1236 488 1288 disin
509 1234 611 1288 fine
629 1234 786 1288 buius
807 1235 987 1302 capitis
1002 1234 1060 1302 ²)
1081 1233 1301 1301 patebit)
1322 1241 1526 1301 prester
1544 1233 1643 1284 boc
1660 1248 1825 1286 unum
1842 1273 1855 1296 ,
1884 1235 2025 1302 quod
2044 1249 2245 1287 manus

337 1315 502 1366 sacris
527 1315 582 1364 in
613 1313 804 1380 templo
834 1310 1259 1362 administrandis
1284 1310 1557 1362 admovere
1582 1325 1687 1362 uon
1719 1309 1933 1373 lioebut,
1976 1313 2097 1378 quia
2118 1327 2249 1364 om·-

339 1404 456 1452 nes,
497 1391 587 1456 qui
624 1403 776 1442 suam
809 1388 1162 1454 genealogiam
1200 1403 1260 1440 ex
1284 1387 1525 1440 Abarone
1553 1401 1660 1440 uon
1696 1387 1987 1452 ducebant,
2029 1389 2245 1458 profani

339 1466 679 1530 habebantur,
711 1465 850 1532 quod
869 1480 996 1518 sune
1015 1467 1070 1518 iu
1089 1464 1381 1517 Christiano
1399 1464 1619 1532 imperio
1629 1464 1813 1518 -iocum
1832 1465 2037 1517 nullum
2058 1465 2245 1519 babet.

340 1545 425 1596 39.
447 1545 622 1610 Atque
641 1543 760 1595 ideo
780 1540 1020 1596 dubitare
1039 1557 1142 1594 uon
1163 1555 1466 1608 possumus,
1488 1542 1620 1608 quin
1637 1541 1889 1596 hodierna
1904 1555 2051 1595 saca
2070 1543 2249 1611 (quo-

341 1635 456 1674 rum
477 1619 858 1674 administratio
871 1617 1162 1686 singulares
1182 1633 1377 1682 mores,
1400 1634 1506 1672 nou
1528 1626 1703 1672 autem
1726 1619 1978 1673 familiam
1998 1623 2244 1686 requirit,

341 1699 482 1751 unde
511 1711 608 1753 uec
639 1697 704 1759 ii,
752 1696 843 1764 qui
873 1696 1152 1764 imperium
1180 1703 1385 1760 tenent,
1424 1705 1693 1764 tamquam
1726 1697 1929 1765 profani
1960 1695 2025 1749 ab
2054 1698 2247 1753 eadem

342 1774 710 1842 secluduntur)
749 1772 914 1825 soiius
950 1774 1080 1824 iuris
1119 1788 1445 1827 summarum
1484 1781 1800 1841 potestatum
1828 1776 1963 1835 sinte
2004 1781 2057 1827 et
2082 1792 2247 1830 nemo

344 1854 445 1903 nisi
481 1866 542 1902 ex
569 1864 748 1902 eorum
776 1851 1076 1902 auctoritate
1105 1851 1183 1901 vei
1212 1865 1469 1903 concessu
1498 1853 1583 1904 ius
1612 1859 2031 1919 potestatemque
2054 1854 2246 1907 eadem

344 1926 768 1987 administrandi,
809 1941 985 1979 eorum
1018 1929 1289 1979 ministros
1316 1927 1569 1993 eligendi,
1613 1930 1863 1982 eeclesiae
1898 1928 2247 1985 fundamenta

347 2007 564 2071 eiusque
583 2004 868 2057 doctrinam
888 2004 1269 2057 determiuaudi
1286 2012 1339 2056 et
1350 2004 1665 2067 stabiliendi,
1700 2006 1766 2057 de
1794 2007 2032 2059 moribus
2050 2015 2101 2059 et
2122 2010 2249 2076 pie-

346 2083 465 2135 tatis
492 2081 786 2134 actionibus
813 2080 1105 2145 iudicandi,
1144 2081 1879 2148 atiquem‚exeommunieaudi
1897 2084 1975 2135 vei
1994 2087 2045 2135 iu
2068 2086 2250 2138 eccie-

347 2161 478 2212 siam
498 2158 792 2226 recipiendi,
819 2173 914 2211 uec
933 2158 1160 2226 denique
1179 2158 1498 2226 pauperibus
1520 2160 1821 2227 providendi
1842 2159 2014 2212 babet.
2035 2163 2121 2214 40.
2137 2163 2251 2215 At·-

349 2252 451 2305 que
477 2236 604 2289 baec
631 2251 734 2287 uon
761 2242 962 2289 tantum
989 2235 1410 2289 demonstrantur
1436 2237 1523 2305 (nt
1548 2237 1653 2289 iam
1672 2236 1927 2305 fecimus)
1956 2250 2099 2301 vera,
2142 2241 2247 2292 sed

349 2316 504 2367 etiem
539 2315 772 2381 apprime
807 2314 1096 2366 necessaria
1137 2320 1242 2364 tam
1278 2314 1379 2380 ipsi
1412 2314 1675 2380 religioni,
1714 2328 1875 2379 quam
1918 2314 2247 2381 reipublicae

351 2391 725 2447 conservationi
756 2406 892 2443 esse.
963 2392 1162 2442 Norunt
1182 2391 1319 2443 enim
1338 2404 1549 2454 omues,
1594 2398 1850 2457 quantum
1870 2392 1955 2443 ius
1976 2399 2029 2445 et
2048 2402 2245 2446 aucto-

351 2471 474 2523 ritas
504 2469 636 2521 circa
667 2482 808 2521 sacra
839 2467 980 2535 apud
1009 2467 1263 2535 populum
1293 2468 1484 2531 valeat,
1524 2475 1577 2520 et
1594 2473 1849 2534 quantum
1868 2471 2249 2537 unusquisque

352 2546 418 2600 ab
437 2548 550 2600 eius
567 2560 656 2599 ore
676 2544 912 2613 pendeat,
937 2546 1026 2611 qui
1045 2544 1265 2598 eandem
1286 2544 1462 2606 babet3
1486 2546 1559 2597 ita
1576 2554 1636 2597 ut
1656 2544 1907 2599 affirmare
1922 2545 2091 2607 liceat,
2116 2563 2247 2601 cum

355 2626 570 2677 maxime
599 2624 651 2675 in
677 2624 878 2677 animos
897 2637 1134 2689 regnare,
1175 2623 1257 2673 cui
1279 2621 1405 2673 baec
1422 2624 1700 2675 auctoritas
1721 2624 1985 2691 competit.
2056 2626 2144 2677 41.
2182 2628 2251 2679 Si

355 2702 474 2768 quis
511 2715 633 2766 ergo
669 2700 800 2753 banc
827 2700 1052 2753 summis
1076 2699 1419 2767 potestatibus
1443 2701 1675 2753 adimere
1701 2700 1836 2762 vuit,
1876 2702 1925 2753 is
1960 2702 2249 2769 imperium

357 2779 586 2832 dividere
620 2777 820 2839 studet3
868 2791 929 2829 ex
963 2791 1068 2843 quo
1104 2778 1419 2840 necessario,
1458 2783 1519 2829 ut
1552 2778 1677 2830 olim
1710 2778 1847 2830 iuter
1880 2777 2250 2835 Hebraeorum

359 2868 508 2923 reges
527 2861 578 2907 et
597 2852 886 2923 pontifices,
909 2855 1267 2907 contentiones
1287 2860 1339 2907 et
1356 2854 1643 2909 discordiae
1662 2856 1782 2908 oriri
1799 2854 2083 2922 debebunt,
2106 2872 2251 2926 quae

461 3043 504 3092 ¹)
539 3039 638 3083 vid.
661 3051 762 3094 cap.
785 3041 847 3082 tv.
869 3038 912 3094 §-
932 3042 1000 3081 ⁴¹.

460 3102 504 3153 2)
542 3099 640 3149 vid.
661 3099 780 3148 inira
799 3101 842 3157 ς.
862 3103 930 3144 56.
949 3110 1053 3156 sqq.
