2350 3475
901 160 1038 203 cap,
1095 160 1160 205 11.
1895 156 1975 217 33

87 333 316 401 corporis
343 334 602 401 cuiusque
631 334 936 401 prophetae,
977 336 1071 387 sed
1099 336 1253 387 etiam
1284 350 1377 402 pro
1416 338 1607 389 ratione
1646 338 1975 404 opinionum,

89 412 280 476 quibus
300 410 507 463 fuerant
523 410 739 474 imbuti,
781 418 934 477 atque
953 412 1082 464 adeo
1102 413 1422 479 prophetiam
1445 428 1731 481 numquam
1752 415 1979 481 prophe-

87 497 162 539 tas
189 488 450 541 doctiores
479 487 795 550 reddidisse;
833 496 891 539 ut
921 491 1096 543 statim
1127 490 1299 543 l'usius
1334 491 1614 559 explicabo.
1690 491 1792 543 Sed
1832 493 1977 557 prius

89 564 146 614 cle
165 566 490 617 certitudine
499 567 882 633 prophetaram
901 565 984 617 liic
1004 566 1262 634 agendum
1278 606 1293 630 ,
1334 576 1445 619 tum
1468 568 1587 636 quia
1608 569 1764 620 huius
1792 570 1976 634 capitis

12 634 15 657 ⁵
91 649 452 707 argumentum
481 650 706 709 spectat,
749 651 858 694 tum
889 644 1042 693 etiam
1072 646 1196 711 quia
1224 645 1290 696 ad
1329 646 1409 709 id,
1450 646 1591 713 quod
1628 645 1977 698 demonstrare

12 784 15 795 ³
91 718 438 783 intendimuS‚
477 720 804 786 aliquantum
825 721 1055 772 inservit.

187 824 241 875 4.
281 822 462 886 Quum
491 822 710 889 simplex
737 823 1037 889 imaginatio
1065 839 1170 876 non
1199 825 1417 877 involvat
1437 840 1494 877 ex
1513 840 1607 877 sua
1626 834 1808 878 natura
1828 826 1983 877 certi-

94 899 320 950 tudinem
339 938 356 962 ,
379 900 531 951 sicuti
552 902 723 951 omnis
744 900 876 951 clara
898 907 948 951 et
966 900 1208 953 distincta
1230 902 1341 954 idea
1359 941 1373 964 ,
1398 902 1492 955 sed
1511 904 1889 969 imaginationi,
1924 911 1982 954 ut

92 976 151 1027 de
171 976 363 1038 rebus,
395 992 526 1043 quas
547 977 919 1042 imaginamur,
952 980 1074 1030 certi
1093 980 1363 1045 possimus
1383 994 1525 1043 esse,
1564 980 1761 1047 aliquid
1791 994 1980 1031 neces-

93 1055 222 1105 sario
247 1053 491 1105 accedere
514 1052 724 1115 debeat,
747 1069 934 1121 nempe
956 1056 1280 1107 ratiocinium
1299 1074 1313 1119 ;
1355 1057 1474 1109 hinc
1495 1059 1732 1123 sequitur
1750 1058 1980 1125 prophe-

93 1131 214 1181 tiam
227 1145 322 1197 per
343 1144 400 1181 se
419 1146 524 1182 non
547 1145 700 1198 posse
720 1131 974 1183 involvere
995 1134 1355 1185 certitudinem
1372 1175 1385 1197 ‚
1412 1134 1532 1201 quia
1547 1175 1561 1196 ,
1594 1136 1773 1186 utiam
1796 1139 1978 1185 osten—

93 1207 294 1269 dimus,
335 1222 363 1258 a
383 1208 492 1259 sola
514 1208 878 1273 imaginatione
897 1209 1184 1276 pendebat,
1225 1218 1277 1261 et
1296 1211 1412 1262 ideo
1434 1209 1713 1278 prophetae
1734 1227 1836 1262 non
1860 1213 1982 1262 certi

90 1293 230 1335 erant
257 1285 323 1336 de
338 1285 438 1336 Dei
464 1284 769 1336 revelatione
800 1299 892 1353 per
916 1285 1086 1353 ipsam
1115 1288 1475 1339 revelationem
1493 1328 1506 1349 ,
1550 1287 1642 1339 sed
1662 1302 1755 1354 per
1771 1288 1981 1354 aliquod

90 1362 326 1428 signum,
365 1369 423 1411 ut
451 1368 593 1427 patet
621 1376 680 1412 ex
708 1360 1005 1414 Abrahamo
1037 1363 1179 1431 (vide
1212 1364 1401 1415 GeueS.
1424 1378 1538 1430 cap.
1564 1366 1646 1417 15.
1671 1380 1717 1415 v.
1740 1365 1853 1432 8.),
1891 1366 1983 1430 qui

91 1440 262 1490 audita
283 1440 379 1489 Dei
399 1438 742 1505 promissione
761 1441 972 1505 signum
996 1442 1211 1505 rogavit;
1256 1440 1341 1491 ille
1362 1439 1573 1506 quidem
1593 1442 1701 1492 Deo
1722 1440 1979 1502 credebat,

91 1530 179 1566 uec
212 1516 425 1582 signum
455 1516 632 1582 petiit,
670 1530 776 1567 non
807 1524 864 1566 ut
893 1518 1003 1567 Deo
1030 1516 1185 1567 fidem
1217 1516 1455 1579 haberet,
1496 1517 1588 1570 sed
1616 1526 1674 1569 ut
1701 1518 1853 1569 sciret
1882 1518 1933 1568 id
1954 1532 1983 1567 a

91 1594 193 1643 Deo
222 1594 268 1643 ei
305 1592 556 1659 promitti.
632 1595 682 1645 5.
720 1592 865 1644 Idem
898 1594 1052 1644 etiam
1082 1594 1270 1646 clarius
1300 1610 1357 1645 ex
1378 1594 1610 1648 Gideone
1639 1602 1865 1658 constat;
1908 1595 1984 1645 sic

91 1688 228 1738 enim
253 1688 364 1740 neo
396 1684 495 1739 ait:
533 1690 652 1766 'mg
685 1691 875 1779 ³31²?
909 1685 1122 1779 milit&
1155 1678 1279 1752 m&
1314 1666 1373 1768 ἡ.
1410 1683 1614 1781 DQ}
1656 1692 1825 1758 etsac
1852 1690 1984 1742 mila·

88 1785 298 1847 signum
319 1786 404 1845 (ut
421 1781 610 1846 sciam)
630 1782 774 1849 quod
790 1788 850 1834 tu
869 1798 1072 1834 meeum
1091 1783 1341 1850 loqueris.
1391 1785 1521 1837 Vide
1541 1785 1782 1837 Indicum
1801 1801 1915 1852 cap.
1930 1787 1981 1838 6.

87 1891 130 1928 v.
159 1877 244 1930 17.
315 1877 464 1930 Μοεί
481 1878 636 1934 otiam
657 1877 779 1928 dicit
796 1877 966 1928 Deus:
994 1869 1269 1965 *pm-1⁸2&
1292 1870 1441 1957 'tf-‘³⁸
1464 1886 1531 1962 22,
1556 1869 1731 1943 nim-1
1756 1856 1981 1968 esst-m

90 1977 140 2020 et
155 1973 254 2022 hoc
271 1949 398 2039 (sit)
418 1971 520 2021 tibi
534 1973 766 2036 aig-num,
789 1971 934 2037 quod
949 1986 1050 2036 ego
1071 1977 1120 2022 te
1136 1959 1262 2023 'ruisi'
1278 1975 1341 2034 ¹).
1381 1950 1649 2035 timeam,
1674 1948 1761 2038 q⁷ui
1783 1957 1983 2025 d'udur'ri

89 2054 299 2100 noverat
317 2047 532 2098 Esaiam
551 2061 666 2099 esse
684 2047 987 2114 prophetam
1004 2087 1018 2110 ,
1049 2051 1258 2116 signum
1281 2049 1578 2117 prophetiae
1599 2051 1711 2102 eius
1730 2050 1985 2102 valetudi-

91 2139 206 2176 nem
238 2124 587 2192 praedicentis
615 2125 808 2191 rogavit
822 2129 895 2189 ²).
967 2126 1119 2190 Quod
1159 2127 1372 2192 quidem
1409 2126 1667 2190 ostendit,
1708 2126 1984 2194 prophetas

93 2215 298 2268 semper
331 2201 542 2267 signum
585 2201 796 2267 aliquod
834 2201 1110 2265 habuisse,
1172 2217 1277 2270 quo
1314 2205 1440 2256 certi
1478 2203 1670 2256 flebant
1705 2205 1767 2256 de
1805 2203 1979 2264 rebus,

14 2339 16 2344 ,
89 2294 219 2345 quas
251 2278 556 2346 prophetice
585 2277 1026 2344 imaginabanturg
1066 2289 1114 2331 et
1134 2281 1251 2332 ideo
1268 2281 1449 2334 Moses
1468 2290 1645 2334 monet
1664 2280 1805 2348 (vide
1824 2283 1979 2331 Deut.

14 2347 16 2384 ἕ
89 2371 200 2423 cap.
223 2356 312 2407 18.
333 2370 384 2407 v.
405 2354 554 2422 ult.),
574 2361 634 2406 ut
651 2357 860 2421 signum
880 2371 910 2407 a
924 2355 1176 2425 propheta
1197 2365 1399 2424 petant,
1422 2373 1610 2426 nempe
1629 2366 1868 2410 eventum
1889 2357 1983 2408 ali-

14 2547 17 2684 l

89 2434 237 2485 cuius
273 2433 350 2484 rei
393 2431 616 2483 futurae.
689 2433 742 2484 6.
781 2433 1053 2500 Prophetia
1090 2436 1247 2502 igitur
1280 2435 1375 2486 hac
1411 2436 1466 2486 in
1502 2449 1555 2488 re
1592 2434 1810 2488 naturali
1849 2434 1983 2485 cedit

87 2510 394 2576 cognitioni,
437 2523 571 2574 quae
598 2509 744 2561 nullo
771 2509 966 2577 indiget
993 2512 1173 2578 signo,
1213 2511 1307 2564 sed
1334 2526 1392 2563 ex
1426 2526 1521 2564 sua
1550 2521 1732 2564 natura
1762 2513 1980 2563 certitu-

88 2587 264 2638 dinem
306 2586 539 2638 involvlt.
609 2588 816 2639 Etenim
853 2587 978 2639 haee
1015 2589 1268 2640 certitudo
1304 2588 1597 2656 prophetica
1624 2588 1983 2642 mathematica

91 2665 303 2728 quidem
330 2678 438 2714 non
469 2670 602 2729 erat,
645 2664 738 2716 sed
759 2671 957 2717 tantum
980 2666 1207 2717 moralis,
1283 2667 1435 2730 Quod
1459 2668 1609 2719 etlam
1632 2680 1690 2717 ex
1710 2666 1822 2732 ipsa
1842 2667 1983 2718 Scri-

90 2750 238 2808 ptura
275 2747 503 2802 constan
543 2755 664 2792 nam
703 2743 856 2793 Dent.
890 2755 1004 2809 cap.
1031 2744 1112 2795 13.
1146 2752 1322 2796 monet
1358 2746 1563 2805 MoseS,
1604 2744 1743 2809 quod
1780 2745 1824 2795 si
1862 2745 1981 2810 quis

14 2845 19 2878 χ
89 2819 342 2885 propheta
371 2832 530 2871 novos
560 2818 684 2870 deos
711 2824 762 2870 te
791 2818 973 2870 docere
1002 2819 1147 2883 velit,
1185 2822 1257 2881 is,
1290 2821 1526 2887 quamvis
1547 2834 1696 2872 suam
1716 2822 1982 2872 confirmet

16 2939 29 3002 l

91 2895 382 2948 doctrinam
414 2896 574 2963 signis
606 2903 657 2948 et
681 2896 974 2959 miraculis,
1014 2899 1164 2949 morti
1194 2905 1364 2949 tamen
1394 2897 1692 2960 damnetur;
1735 2913 1882 2962 nam,
1922 2905 1982 2948 ut

193 3069 235 3118 ι)
271 3063 423 3110 ond.
442 3067 486 3120 3,
506 3067 572 3109 12.

191 3128 236 3178 2)
273 3125 377 3169 vid.
397 3124 488 3169 les.
511 3138 550 3170 c.
571 3127 636 3167 ³8.
658 3139 700 3170 v.
721 3128 760 3169 ¹1.
781 3138 882 3183 sqq.
903 3139 945 3171 v.
965 3128 1032 3170 22.

161 3196 396 3264 Spinoza
430 3198 523 3248 111.
1522 3199 1554 3250 3
