2350 3475
379 131 506 192 204
779 129 1166 178 ‘rueramus
1206 129 1603 177 Tnssutoelco
1613 156 1639 168 -
1648 129 1859 196 POLan.

377 307 776 368 confirmaverim
817 319 918 373 qua
945 305 1009 359 de
1035 320 1090 358 ro
1116 305 1229 358 vide
1248 306 1401 360 Dent.
1424 321 1538 373 cap.
1560 307 1643 360 13.
1714 306 1801 359 33.
1838 305 1989 359 Unde
2016 305 2259 372 sequitur

378 400 554 441 verum
585 385 884 452 prophetam
913 398 940 434 a
965 382 1097 436 falso
1125 382 1361 449 dignosci
1390 399 1447 436 ex
1476 385 1705 444 doctrina
1734 390 1786 436 et
1804 382 2055 435 miraculo
2072 382 2255 434 simul.
2331 435 2332 440 χ

380 465 556 516 Talem
575 463 713 516 enim
732 463 910 514 Moses
929 475 1102 512 verum
1123 475 1241 512 esse
1259 461 1482 513 declarat
1495 501 1509 523 ,
1532 463 1685 528 eique
1704 460 1905 527 absque
1925 459 2031 513 ullo
2052 459 2257 511 fraudis

379 543 564 593 timore
584 539 790 591 credere
811 537 980 598 luhet3
1017 546 1174 604 atque
1193 553 1283 590 eos
1304 538 1464 590 falsos
1482 553 1599 591 esse
1618 541 1693 590 'ait
1709 546 1757 590 et
1776 551 1891 590 reos
1912 538 2095 588 mortis
2111 574 2125 597 ‚
2170 537 2257 602 qui

379 617 536 680 falso,
575 617 674 668 etsi
692 616 900 667 nomine
919 615 1043 677 Dei,
1081 614 1281 681 aliquid
1304 615 1666 681 praedixerint,
1704 615 1783 669 vel
1802 617 1893 681 qui
1924 610 2086 666 falsos
2107 613 2255 673 deos,

381 694 480 747 etsi
508 706 626 746 vera
653 692 900 745 miracula
937 691 1212 754 fecissent,
1252 691 1555 744 docuerunt.
1629 693 1713 744 34.
1756 691 1928 756 Quare
1966 705 2064 742 nos
2103 691 2259 741 etiam

380 771 476 822 hac
497 775 698 820 tautum
716 768 782 820 de
801 782 953 821 causa
974 768 1311 836 Scripturas,
1351 771 1448 821 hoc
1468 775 1549 821 est
1562 773 1692 837 ipris
1702 770 1979 836 prophetia
1992 805 2007 829 ,
2044 761 2259 818 credere
2332 812 2334 840 4

381 853 644 910 tenemur,
665 847 920 896 nimirum
925 849 1150 914 prepter
1167 845 1465 898 doctrinam
1482 850 1652 913 signia
1668 847 2054 913 cmfimatam.
2126 845 2257 895 Nam
2333 849 2334 864 ³

383 923 626 988 quoniam
653 921 916 984 videmus,
947 921 1225 990 prophetas
1255 924 1515 976 caritatem
1546 931 1597 977 et
1617 924 1870 976 iustitiam
1898 936 2055 988 supra
2082 923 2259 974 omnia

379 998 742 1052 commendare
760 1007 814 1050 et
830 998 959 1050 nihil
978 997 1120 1050 aliud
1139 999 1409 1066 intendere
1422 1039 1436 1062 ‚
1480 1001 1597 1052 hinc
1616 999 1977 1052 concludi-us
1993 1038 2008 1060 ‚
2046 1013 2139 1050 eos
2158 1013 2261 1049 nou

381 1075 502 1128 dolo
529 1074 696 1138 malo,
733 1075 826 1126 sed
855 1090 915 1128 ex
941 1089 1062 1128 vero
1086 1077 1261 1126 auimo
1296 1076 1567 1140 docuisse,
1607 1077 1843 1128 homines
1880 1075 2177 1128 ohedientia
2214 1081 2263 1126 et

381 1151 484 1204 fide
502 1152 680 1205 beatos
699 1151 839 1212 ἣρω
878 1159 930 1205 et
949 1153 1070 1218 quia
1087 1151 1189 1204 hoc
1213 1152 1430 1219 insuper
1456 1155 1620 1220 signis
1636 1152 2074 1206 confirmaverunt
2087 1191 2102 1215 ,
2141 1152 2263 1203 hinc

383 1228 533 1281 nohis
553 1228 955 1297 persuademus,
989 1243 1078 1280 eos
1098 1242 1207 1280 non
1226 1235 1417 1282 temere
1436 1230 1488 1283 id
1510 1229 1726 1294 dixisse,
1748 1243 1917 1298 neque
1936 1229 2257 1292 delii-avisse,

379 1305 506 1358 dum
534 1305 926 1373 prophetabant.
961 1333 966 1340 -
997 1306 1084 1357 35.
1109 1307 1170 1356 In
1199 1320 1303 1371 quo
1323 1307 1475 1358 etiam
1506 1309 1670 1373 magis
1702 1306 2094 1368 confirmamur,
2135 1305 2261 1358 dum

381 1383 696 1437 attendimus
711 1422 728 1446 ,
763 1382 900 1449 quod
923 1381 1046 1434 nihil
1067 1382 1263 1436 morale
1280 1383 1594 1445 docuerunt,
1632 1383 1774 1450 quod
1792 1398 1911 1436 cum
1932 1383 2131 1434 ratione
2148 1382 2262 1448 pla-

382 1461 596 1512 nissime
615 1475 720 1512 non
739 1459 1023 1512 conveniat.
1092 1459 1225 1510 Nam
1245 1474 1350 1512 non
1370 1466 1560 1513 temere
1579 1467 1672 1523 est,
1697 1461 1835 1525 quod
1854 1459 2068 1512 verbum
2091 1459 2189 1510 Dei
2210 1460 2265 1510 in

383 1537 648 1603 prophetis
668 1551 788 1602 cum
809 1537 926 1601 ipso
942 1534 1096 1588 vei-ho
1113 1537 1209 1588 Dei
1232 1538 1283 1590 in
1304 1536 1459 1589 nohis
1481 1538 1721 1603 loquente
1741 1536 2262 1589 omnino‘conveniat.
2328 1537 2337 1560 ¹

380 1613 556 1679 Atque
577 1613 729 1676 haec,
767 1615 1010 1679 inquam,
1051 1628 1147 1666 nos
1176 1628 1343 1679 aeque
1368 1613 1492 1667 certi
1523 1629 1583 1666 ex
1600 1614 1808 1677 nimiis,
1851 1628 1909 1666 ac
1934 1614 2059 1665 olim
2082 1611 2265 1664 Iudaei

385 1703 444 1743 ex
470 1690 579 1742 viva
606 1703 730 1741 voce
758 1689 1118 1758 prophetarum
1159 1689 1284 1743 hece
1323 1691 1501 1743 eadem
1538 1690 1931 1745 concludebant.
2002 1689 2092 1743 3⁶.
2129 1689 2264 1741 Nam

385 1779 543 1831 supra
568 1766 626 1818 in
655 1766 759 1818 fine
777 1780 889 1833 cap.
909 1767 1030 1819 ΧΠ.
1051 1766 1378 1819 ostendimus
1391 1768 1448 1835 *)
1464 1806 1477 1830 ,
1520 1768 1835 1833 scripturam
1855 1768 2047 1818 ratione
2068 1767 2266 1817 doctri-

384 1856 482 1893 nae
508 1849 560 1893 et
584 1843 976 1908 praecipuarum
1004 1842 1333 1895 historiarum
1369 1844 1714 1911 incorruptam
1748 1844 1811 1895 ad
1842 1851 2044 1895 nostras
2072 1858 2265 1894 manus

383 1919 698 1985 pervenisse.
771 1918 946 1982 Quare
983 1916 1084 1970 hoc'
1115 1921 1276 1971 totius
1320 1920 1606 1987 theologiae
1648 1926 1702 1973 et
1740 1920 2031 1988 scripturae
2068 1918 2265 1971 funda-

385 2002 618 2047 mentum
635 2032 652 2060 ‚
693 1997 932 2061 quamvis
959 1997 1316 2048 mathematica
1337 1996 1775 2049 demonstratione
1794 1996 1993 2048 ostendi
2018 2004 2261 2061 nequeat,

341 2128 346 2133 ,
385 2085 512 2124 sano
539 2078 711 2125 tamen
739 2072 930 2123 iudicio
959 2072 1333 2140 amplectimur.
1406 2073 1491 2125 37.
1528 2075 1660 2125 Nam
1687 2073 1888 2124 inscitia
1918 2072 2129 2139 quidem
2162 2081 2263 2134 est,

385 2147 440 2200 id
469 2148 608 2214 quod
637 2156 710 2200 tot
737 2149 1099 2215 prophetarum
1127 2151 1444 2203 testimoniis
1469 2148 1825 2203 confirmatum
1855 2156 1959 2212 est,
2001 2155 2051 2200 et
2078 2162 2137 2200 ex
2158 2164 2262 2214 quo

387 2238 633 2290 maguum
662 2224 894 2277 solamen
924 2228 1018 2289 iis,
1061 2228 1148 2293 qui
1182 2229 1377 2279 ratione
1403 2242 1509 2279 non
1537 2228 1607 2277 ita
1635 2225 1856 2292 pollent,
1894 2228 2135 2289 orituret
2153 2226 2262 2277 rei-

388 2300 628 2369 publicae
655 2317 760 2353 non
787 2301 1062 2355 mediocris
1089 2303 1285 2355 utilitas
1312 2305 1576 2371 sequitur,
1616 2310 1666 2353 et
1700 2302 1843 2366 quod
1877 2300 2113 2354 absolute
2151 2304 2266 2354 sine

387 2378 617 2446 periculo
636 2385 727 2429 aut
743 2378 931 2430 damno
951 2378 1457 2445 crederepossumus
1474 2416 1487 2441 ,
1525 2378 1664 2431 nolle
1686 2386 1857 2431 tamen
1879 2378 2118 2445 amplecti
2132 2418 2148 2442 ,
2180 2379 2265 2431 id-

389 2470 492 2521 que
511 2467 570 2507 ea
589 2454 700 2506 sola
720 2454 785 2507 de
804 2468 958 2506 causa
974 2494 988 2517 ‚
1010 2457 1134 2521 quia
1153 2456 1508 2508 mathematice
1528 2455 1866 2508 demonstrari
1883 2458 2089 2521 nequit;
2113 2456 2262 2521 quasi

389 2545 506 2583 vero
531 2531 596 2583 ad
615 2532 772 2583 vitam
789 2532 1048 2599 sapienter
1063 2531 1433 2585 instituendam
1454 2531 1579 2584 nihil
1602 2540 1863 2598 tamquam
1881 2546 2057 2585 verum
2076 2533 2265 2584 admit-

389 2614 562 2673 tamus
576 2646 590 2669 ‚
615 2608 752 2673 quod
773 2608 876 2660 ulla
897 2608 1170 2661 dubitandi
1190 2611 1384 2661 ratione
1406 2611 1459 2661 in
1481 2609 1699 2662 dubium
1720 2608 1943 2661 revocari
1962 2606 2143 2674 queat',
2176 2616 2265 2662 aut

391 2682 530 2750 quod
558 2683 833 2750 pleraeque
859 2691 1064 2737 nostrae
1094 2686 1326 2738 actiones
1362 2700 1465 2737 non
1501 2684 1780 2737 admodum
1818 2687 2040 2738 incertae
2076 2686 2181 2737 sint
2216 2692 2261 2737 et

391 2759 500 2811 alea
536 2759 736 2826 plenae.
807 2760 894 2813 38.
932 2762 1189 2827 Equidem
1226 2761 1415 2825 fateor,
1454 2764 1544 2830 qui
1582 2769 1765 2829 putant
1798 2762 2177 2829 philosophiam
2214 2766 2259 2812 et

392 2834 700 2901 theologiam
725 2836 828 2889 sihi
857 2839 1074 2889 invicem
1102 2838 1481 2902 contradicere,
1522 2846 1572 2892 et
1598 2846 1863 2907 propterea
1901 2838 2197 2891 alterutram
2234 2852 2259 2889 e

394 2925 489 2963 suo
507 2926 663 2977 regno
684 2912 1058 2965 deturbandam
1078 2915 1398 2980 existimant,
1438 2922 1487 2967 et
1506 2916 1628 2967 huic
1645 2922 1735 2967 aut
1753 2915 1825 2966 illi
1854 2913 2254 2977 vendit-endum,

495 3080 536 3131 ⁸)
571 3078 671 3124 vid.
693 3091 796 3136 cap.
819 3083 882 3124 12.
905 3083 946 3134 ς.
967 3082 1034 3125 33.
1055 3092 1160 3139 sqq.
