2350 3475
918 97 1055 147 car.
1106 97 1230 145 xit.
1895 94 2008 155 1811

138 274 287 325 eretis
304 273 485 345 plnres
502 274 591 327 alii
604 315 621 340 ,
662 276 752 342 qui
774 276 907 328 sacri
936 290 967 327 a
983 276 1161 329 multis
1179 273 1508 329 habebantur
1521 314 1536 339 ,
1575 284 1634 328 ut
1651 278 1821 345 spurii
1841 280 2013 333 reiecti

138 358 275 405 sunt.
347 353 421 403 At
448 351 631 405 horum
662 353 994 405 conciliorum
1020 354 1151 421 (tam
1170 353 1564 407 Pharisaeorum
1583 368 1742 421 quam
1763 355 2015 407 christia-‘-

138 428 360 497 noi-um)
402 428 633 483 membra
672 446 775 484 non
812 430 1116 483 constabant
1152 445 1214 483 ex
1248 430 1538 497 prophetis,
1587 431 1681 484 sed
1721 439 1918 485 tantum
1955 447 2016 485 ex

138 505 435 559 doctoribus
462 515 515 561 et
543 509 741 575 peritis.
814 508 881 559 Et
901 516 1073 560 tamen
1096 507 1362 560 fatendum
1395 510 1686 561 necessario
1704 517 1810 571 est,
1849 512 2014 563 cosin

138 582 225 635 hac
243 584 497 635 electione
516 584 729 637 verbum
748 586 841 637 Dei
860 600 955 651 pro
974 599 1153 637 norma
1174 583 1449 645 habuisse3
1489 584 1722 655 adeoque
1740 594 2014 654 antequam

138 676 314 713 omnes
354 660 517 713 libros
551 662 920 729 probaverant,
960 661 1253 713 debuerunt
1279 664 1568 716 necessario
1605 665 1836 718 notitiam
1873 664 2016 717 verbi

136 739 221 789 Dei
242 737 458 791 habere.
528 740 617 795 29.
654 740 749 793 lV.
790 739 927 802 Quia
945 738 1165 807 apostoli
1186 754 1288 791 non
1309 746 1556 807 tanquam
1575 743 1882 809 prophetae,
1921 742 2016 795 sed

136 814 215 881 (ut
238 816 297 867 in
329 815 667 882 praecedente
696 818 861 883 capite
878 816 928 881 ι)
958 815 1206 884 diximus)
1233 823 1481 883 tanquam
1510 816 1747 871 doctores
1781 820 2015 885 scripse-

134 899 277 953 runt,
320 898 373 943 et
399 893 531 943 viam
560 892 624 943 ad
650 892 943 947 docendum
968 893 1262 959 elegerunt,
1302 910 1462 961 qnam
1501 895 1778 947 faciliorem
1817 895 2018 947 iudica-

134 976 315 1019 verunt
350 967 460 1021 fore
497 968 797 1038 discipulis,
835 985 969 1037 quos
1005 978 1115 1023 tum
1152 970 1335 1023 docere
1364 970 1622 1023 volebant.
1691 973 1767 1024 Ex
1795 986 1898 1039 quo
1928 986 2018 1025 ae·-

132 1047 339 1111 qnitur‚
380 1046 435 1097 in
465 1046 529 1096 iis
556 1046 651 1113 (ut
676 1049 833 1101 etiam
863 1048 917 1099 in
945 1046 1045 1100 fine
1073 1048 1320 1114 praedicti
1349 1050 1530 1116 cepitis
1545 1049 1602 1117 ²)
1636 1048 2016 1117 conclusimus)

130 1123 295 1174 multa
328 1122 605 1189 contineri,
642 1124 836 1190 quibus
864 1125 967 1176 iam
996 1126 1194 1177 ratione
1221 1124 1483 1190 religionis
1513 1138 1682 1177 carere
1709 1140 2014 1191 possumus.

130 1200 217 1251 3⁰.
259 1202 327 1250 V.
366 1199 607 1266 Denique
634 1202 757 1265 quia
784 1208 1007 1267 quatuor
1023 1201 1285 1254 hahentur
1305 1203 1358 1253 in
1379 1215 1512 1254 novo
1533 1208 1840 1254 testamento
1861 1217 2019 1255 evan-

128 1277 367 1343 gelistae.
415 1276 483 1326 Et
500 1278 619 1341 quis
640 1279 811 1329 credet
825 1317 838 1341 ,
877 1278 1017 1344 quod
1036 1280 1182 1331 Deus
1201 1286 1384 1345 quater
1403 1278 1667 1331 historiam
1688 1277 1876 1329 Christi
1894 1293 2016 1331 nar-

128 1368 245 1405 rare
281 1352 502 1405 voluerit
535 1359 587 1405 et
620 1355 813 1423 scripto
851 1354 1147 1409 hominibus
1184 1352 1608 1409 communicare?
1675 1357 1745 1407 Et
1780 1358 2014 1419 quamvis

13 1472 25 1494 k
126 1430 393 1497 quaedam
441 1430 497 1481 in
534 1445 638 1482 uno
672 1433 1059 1495 contineantur,
1099 1447 1232 1499 quae
1269 1433 1324 1483 in
1361 1432 1462 1485 alio
1499 1446 1604 1483 non
1641 1431 1925 1492 habentur,
1965 1441 2017 1483 et

126 1507 275 1574 quod
307 1520 445 1559 unus
474 1506 539 1557 ad
565 1508 726 1560 alium
753 1508 1143 1575 intelligendum
1170 1522 1328 1575 saepe
1353 1510 1522 1570 iuvet,
1561 1506 1682 1561 inde
1711 1515 1880 1560 tamen
1911 1523 2016 1561 nou

124 1583 553 1638 concludendum
600 1592 703 1647 est,
762 1587 963 1647 omnia,
1019 1601 1155 1652 quae
1190 1587 1246 1638 in
1283 1586 1426 1639 hisce
1463 1592 1688 1651 quatuor
1723 1592 2012 1647 narrantur,

124 1663 343 1727 cognitu
375 1663 661 1713 necessaria
690 1660 880 1726 fuisse,
920 1670 971 1715 et
998 1665 1169 1715 Deum
1197 1677 1287 1715 eos
1313 1662 1529 1729 elegisse
1557 1660 1621 1713 ad
1659 1660 2012 1723 scribendum,

124 1749 191 1794 ut
222 1740 413 1792 Christi
439 1740 654 1792 historia
681 1740 869 1794 melius
896 1741 1286 1809 intelligeretur.
1357 1742 1445 1795 31.
1482 1741 1614 1792 Nam
1651 1741 2016 1806 uuusquisque

126 1833 295 1870 suum
326 1816 649 1882 evangelium
674 1818 873 1871 diverso
912 1819 1029 1870 loco
1066 1819 1405 1886 praedicavit,
1447 1824 1499 1869 et
1535 1819 1904 1885 unusquisque
1939 1818 2012 1881 id,

125 1896 274 1962 quod
320 1894 720 1960 praedicaverat,
776 1897 1011 1962 scripsit,
1060 1895 1218 1961 idque
1267 1895 1603 1963 simpliciter,
1645 1902 1702 1948 ut
1747 1895 2014 1948 historiam

128 1972 329 2024 Christi
367 1970 593 2022 dilucide
632 1980 882 2034 narraret,
925 1980 977 2024 et
1007 1987 1108 2025 nou
1137 1973 1204 2025 ad
1241 1972 1472 2040 reliquos
1509 1972 1888 2038 explicandum.
1961 1974 2017 2026 Si

126 2053 235 2102 iam
266 2063 327 2100 ex
352 2063 533 2100 eorum
564 2054 743 2100 mutua
774 2049 1050 2102 collatione
1076 2048 1284 2102 facilius
1311 2057 1362 2101 et
1391 2049 1580 2100 melius
1601 2049 1948 2114 quandoque
1934 2065 2018 2100 m·-

126 2127 451 2192 telliguntur,
472 2124 525 2176 id
542 2138 665 2176 casu
687 2127 936 2192 contingit
954 2133 1003 2177 et
1022 2127 1202 2192 paucis
1218 2134 1419 2180 tantum
1439 2127 1494 2178 in
1516 2127 1657 2188 Ιοοίε,
1681 2140 1816 2193 quae
1835 2141 2018 2191 quam

124 2206 209 2256 vis
229 2183 615 2267 ignorarentur,
650 2202 863 2255 historia
884 2211 1055 2256 tamen
1074 2217 1242 2270 aeque
1259 2205 1534 2270 perspicua
1552 2209 1692 2256 esset
1710 2210 1762 2254 et
1777 2202 2016 2256 homines

126 2296 236 2334 non
259 2281 435 2332 minus
454 2278 611 2332 beati.

234 2357 323 2412 32.
366 2357 461 2408 His
490 2357 817 2410 ostendimus
846 2357 1165 2424 Scripturam
1194 2358 1390 2410 ratione
1411 2356 1672 2422 religionis
1689 2362 1887 2408 tantum
1910 2357 2016 2408 sive

128 2435 331 2488 ratione
360 2432 489 2499 legis
520 2432 725 2485 divinae
752 2434 1061 2487 universalis
1080 2435 1286 2502 proprie
1306 2436 1473 2486 vocari
1491 2432 1704 2487 verbum
1722 2432 1838 2485 Dei.
1913 2434 2016 2484 Su·-

128 2519 307 2579 perest
322 2512 425 2564 iam
446 2510 718 2563 ostendere
735 2512 953 2564 eandem
962 2550 981 2577 ,
1018 2513 1510 2580 quamproprie
1525 2513 1606 2561 sic
1625 2515 1874 2572 vocatur,
1911 2527 2018 2562 non

126 2606 241 2641 esso
276 2588 578 2640 mendosam
592 2626 607 2650 ,
662 2588 1009 2656 depravatam
1038 2605 1210 2657 noque
1247 2594 1568 2642 meatum.
1637 2587 1801 2654 Atqui
1841 2587 1892 2638 id
1933 2587 2014 2640 hic

124 2665 461 2727 mendorum,
500 2665 849 2734 depravatum
876 2672 1031 2732 atque
1056 2671 1362 2719 tvwmeatum
1391 2680 1546 2728 voco,
1584 2665 1724 2731 quod
1747 2665 1876 2718 adeo
1895 2679 2015 2731 per-

127 2757 309 2808 peram
340 2743 595 2808 scriptum
624 2750 677 2796 et
705 2749 1059 2796 constructum
1086 2751 1195 2809 est,
1237 2751 1295 2796 ut
1329 2757 1520 2796 sensus
1554 2743 1799 2794 orationis
1826 2758 1885 2795 ex
1911 2757 2013 2794 usu

126 2820 338 2886 linguae
404 2819 695 2886 investigari
758 2821 839 2873 vel
890 2835 953 2874 cx
1004 2821 1114 2874 sola
1166 2821 1428 2888 Scriptura
1483 2820 1716 2888 depromi
1767 2827 2011 2888 nequeat.

230 3006 276 3058 1)
314 3004 414 3049 Vid.
436 3015 539 3061 cap.
568 3009 633 3051 11.
656 3007 773 3062 inpr.
796 3009 837 3060 ς.
861 3011 925 3052 10.
947 3019 1050 3064 sqq.
1072 3009 1115 3061 ς.
1138 3009 1202 3050 16.
1223 3019 1328 3064 sqq.

228 3067 277 3118 2)
310 3063 775 3126 vid.cap.11.s.2t.
