2350 3475
389 103 469 161 44
789 104 1096 149 TRACTAT
1105 104 1182 147 US
1222 103 1623 147 THEOLofflco
1636 131 1653 139 -
1664 104 1874 150 PoLlT.

386 284 555 346 latet,
579 284 862 343 IsraelitaS,
905 283 1026 347 quia
1044 280 1263 333 vitulum
1286 280 1645 342 adoraverant,
1684 280 1897 346 reliquis
1924 280 2169 348 gentibus
2202 282 2277 332 si·-

387 360 535 412 miles
556 361 717 411 factos
732 374 867 421 esse,
891 361 960 410 ait
972 374 1086 426 cap.
1104 359 1189 409 33.
1214 373 1261 409 v.
1277 360 1329 411 2.
1344 358 1396 407 3.
1420 372 1477 424 se
1496 358 1777 409 missurum
1798 359 2060 423 angelum,
2081 359 2180 410 boc
2196 367 2277 410 est

387 453 500 502 enS,
519 436 662 502 quod
683 438 788 488 vice
809 437 1037 503 supremi
1059 437 1193 487 entis
1207 435 1553 487 israelitarum
1576 450 1749 486 curam
1770 436 1999 498 haberet,
2018 450 2075 487 se
2096 444 2273 487 autem

386 516 519 566 nolle
549 517 680 566 inter
708 515 851 581 ipsos
873 528 1008 565 esse.
1084 516 1201 564 Hoc
1220 513 1359 565 enim
1380 511 1535 563 modo
1557 511 1684 562 nihil
1703 514 1843 565 Mosi
1864 513 2271 579 relinquebatur,

385 607 442 643 ex
463 606 567 657 quo
587 592 686 658 ipsi
707 597 963 642 constaret
981 590 1247 641 Israelitas
1267 592 1376 641 Deo
1397 588 1611 654 reliquis
1633 590 1953 652 nationibuS,
1977 606 2111 655 quas
2131 592 2275 641 Deus

384 670 541 720 etiam
562 682 713 718 curae
733 668 948 718 aliorum
969 668 1165 718 entium
1189 668 1299 717 sive
1322 666 1622 733 angelorum
1644 666 1937 728 tradiderat,
1979 667 2273 719 dilectiores

383 760 526 807 esse,
567 752 622 794 ut
658 751 857 795 constat
891 760 950 795 ex
980 760 1029 796 v.
1055 746 1136 797 16.
1171 743 1405 795 eiusdem
1442 744 1644 810 capitis.
1716 745 1802 793 45.
1842 746 2111 810 Denique,
2152 746 2273 809 quia

381 824 526 873 Deus
561 822 615 871 in
645 822 800 873 coelis
822 821 1050 873 babitare
1070 819 1401 885 credebatur,
1442 820 1558 871 ideo
1578 822 1750 883 Deus,
1790 827 2039 886 tanquam
2069 836 2097 871 e
2128 821 2272 871 coelo

382 913 538 964 supra
561 907 791 949 montem
812 897 1135 950 descendens
1150 938 1164 960 ,
1200 897 1548 961 revelabatur,
1579 904 1630 949 et
1646 899 1825 950 Moses
1846 900 1997 949 etiam
2020 906 2267 961 montem,

381 983 440 1026 ut
454 978 624 1026 Deum
655 976 1030 1041 alloqueretur,
1071 975 1410 1036 ascendebat,
1450 974 1589 1041 quod
1620 976 1841 1025 minime
1869 989 2001 1042 opus
2032 976 2079 1025 ei
2108 982 2265 1035 esset,
2329 1004 2330 1025 ÷

381 1054 427 1103 si
456 1066 619 1119 aeque
652 1052 800 1103 facile
821 1055 990 1103 Deum
1020 1051 1215 1117 ubique
1244 1052 1512 1117 imaginari
1533 1059 1726 1117 posset.
1799 1053 2061 1103 Israelitae
2080 1051 2143 1103 de
2163 1054 2273 1101 Deo
2329 1076 2330 1083 κ

380 1128 507 1182 nihil
541 1129 645 1180 fere
675 1137 893 1192 norunt,
934 1129 1135 1180 tametsi
1165 1130 1266 1196 ipsi
1296 1128 1545 1180 revelatus
1577 1135 1681 1193 est,
1718 1129 1859 1194 quod
1903 1128 2115 1194 quidem
2152 1128 2273 1195 plus
2329 1166 2330 1203 ἒ

381 1221 537 1272 quam
579 1207 707 1258 satis
744 1206 1106 1270 ostenderunt,
1147 1220 1312 1272 quum
1356 1206 1470 1257 eius
1499 1205 1748 1257 bonorem
1777 1213 1827 1257 et
1856 1205 2054 1256 cultum
2092 1208 2273 1272 paucis
2329 1204 2330 1213 ’

379 1290 501 1351 post
538 1283 729 1336 diebus
767 1283 924 1335 vitulo
962 1282 1312 1346 tradiderunt,
1373 1282 1806 1348 credideruntque
1842 1283 1991 1337 illum
2029 1298 2146 1335 esse
2184 1298 2273 1335 eos

377 1360 523 1422 deoS,
547 1362 638 1428 qui
659 1376 750 1413 eos
770 1375 829 1411 ex
848 1360 1087 1427 Aegypto
1106 1359 1389 1412 eduxerant
1407 1360 1486 1428 ¹).
1558 1361 1646 1413 46.
1679 1363 1784 1412 Nec
1804 1376 1931 1413 sane
1950 1360 2271 1412 credendum
2329 1384 2330 1389 =

379 1444 484 1499 est,
525 1437 665 1503 quod
686 1438 927 1489 homiues
957 1437 1421 1506 superstitionibus
1439 1437 1813 1505 Aegyptiorum
1847 1438 2075 1499 assueti,
2115 1436 2272 1487 rudes

377 1522 428 1565 et
455 1516 744 1566 miserrima
773 1518 1019 1566 servitute
1047 1516 1291 1577 coniecti,
1334 1514 1529 1579 aliquid
1560 1514 1671 1565 sani
1694 1514 1759 1565 de
1777 1515 1888 1563 Deo
1908 1512 2269 1571 intellexerint,

376 1600 466 1642 aut
485 1591 625 1656 quod
647 1594 830 1643 Moses
851 1606 941 1643 eos
963 1592 1158 1657 aliquid
1179 1591 1437 1653 docuerit,
1480 1604 1635 1654 quam
1655 1589 1871 1641 modum
1891 1588 2121 1651 vivendi,
2163 1604 2269 1639 non

377 1667 588 1733 quidem
609 1674 856 1733 tanquam
877 1667 1152 1734 philosoph
1168 1682 1231 1718 us
1252 1704 1267 1727 ,
1306 1673 1364 1717 ut
1384 1666 1591 1718 tandem
1613 1682 1672 1718 ex
1690 1669 1848 1719 animi
1870 1667 2101 1718 libertate
2116 1706 2131 1729 ,
2174 1666 2269 1716 sed

376 1752 624 1808 tanquam
655 1745 942 1810 legislator,
980 1753 1038 1796 ιιι
1063 1760 1122 1797 ex
1150 1746 1367 1810 imperio
1399 1744 1533 1811 legis
1554 1747 1717 1796 coacti
1738 1753 1913 1798 essent
1931 1745 2064 1797 bene
2082 1745 2268 1796 vivere.

375 1821 462 1872 47.
502 1823 674 1884 Quare
693 1823 819 1872 ratio
841 1822 970 1874 bene
992 1823 1195 1875 vivendi
1218 1824 1327 1878 sive
1347 1836 1464 1873 vera
1487 1823 1604 1884 vita,
1644 1825 1847 1890 Deique
1867 1823 2038 1874 cultus
2058 1829 2108 1873 et
2126 1836 2272 1872 amor
2329 1871 2330 1884 ¹

374 1898 440 1949 iis
471 1899 637 1964 magis
666 1901 916 1960 servitus,
955 1914 1112 1965 quam
1139 1915 1255 1952 vera
1284 1899 1529 1963 libertae„
1570 1902 1769 1966 Deique
1795 1901 1953 1967 gratia
1984 1906 2035 1950 et
2071 1899 2268 1950 donum
2329 1895 2330 1926 ³

377 1975 492 2026 fuit.
564 1977 733 2027 Deum
773 1978 911 2026 enim
947 1991 1118 2028 amare
1157 1979 1375 2043 eiusque
1413 1978 1577 2044 legem
1614 1991 1815 2029 servare
1850 1977 2032 2038 iussit,
2073 1983 2131 2026 ut
2158 1977 2269 2026 Deo

374 2055 646 2118 praeterita
677 2053 812 2104 bona
841 2053 926 2121 (ex
945 2053 1227 2122 Agyptiaca
1246 2055 1443 2106 scilicet
1458 2055 1702 2110 servitute
1719 2053 2004 2105 libertatem
2026 2052 2157 2120 etc.)
2178 2067 2270 2103 ac·-

376 2137 522 2198 cepta
554 2131 769 2192 ferrent3
818 2138 869 2182 et
897 2145 1048 2196 porro
1079 2133 1237 2183 minis
1267 2147 1355 2183 eos
1385 2131 1757 2198 perterrefacit,
1789 2131 1836 2182 si
1872 2129 2075 2181 illorum
2112 2145 2269 2196 prae-

375 2214 642 2273 ceptorum
676 2207 897 2260 fuissent
917 2217 1349 2276 transgressoreS,
1383 2217 1433 2261 et
1464 2217 1667 2272 contra,
1711 2209 1759 2259 si
1785 2223 1843 2259 ea
1864 2207 2262 2269 observaverint,
2329 2265 2330 2272 ἵ

374 2285 538 2335 multa
557 2287 806 2351 promittit
826 2286 978 2337 bona.
1027 2287 1135 2338 Eos
1155 2288 1330 2353 itaque
1352 2287 1533 2338 eodem
1552 2285 1707 2337 modo
1729 2285 1921 2346 docuit,
1945 2299 2005 2336 ac
2024 2293 2267 2352 parentes
2328 2279 2330 2288 ⁴

373 2377 564 2428 pueros
585 2363 724 2413 omni
746 2365 939 2414 ratione
960 2371 1195 2415 carentes
1215 2363 1401 2416 solent.
1443 2364 1614 2426 Quare
1634 2370 1830 2414 certum
1844 2369 1941 2427 est,
1958 2375 2049 2413 eos
2062 2363 2270 2414 virtutis

375 2439 724 2490 excellentiam
745 2454 1019 2506 veramque
1040 2440 1412 2492 beatitudinem
1433 2441 1766 2506 ignoravisse.
1840 2442 1927 2492 48.
1964 2443 2119 2491 lonas
2140 2454 2272 2492 con-

374 2525 610 2582 spectum
629 2517 728 2569 Dei
747 2516 923 2583 fugere
943 2520 1140 2584 putavit
1155 2520 1239 2586 2);
1273 2519 1413 2583 quod
1432 2518 1634 2568 videtur
1650 2515 1941 2581 ostendere,
1968 2531 2086 2568 eum
2106 2519 2267 2569 etiam

374 2593 684 2657 credidisse,
725 2597 894 2646 Deum
921 2609 1098 2646 curam
1128 2602 1408 2646 ceterarum
1438 2595 1707 2660 regionum
1726 2601 1862 2646 extra
1879 2595 2125 2646 Iudaeam
2148 2595 2269 2646 aliis

375 2671 638 2736 potentiiS,
678 2687 708 2723 a
725 2686 784 2723 se
805 2679 973 2723 tamen
994 2671 1295 2723 substitutis
1310 2711 1325 2734 ,
1364 2671 1660 2723 tradidisse.
1732 2673 1839 2723 Nec
1859 2670 1999 2722 ullus
2019 2672 2073 2722 in
2094 2679 2267 2723 vetere
2329 2695 2330 2704 ¹

373 2755 680 2800 testamento
701 2748 932 2810 habetur,
964 2749 1056 2814 qui
1079 2749 1243 2814 magis
1264 2749 1554 2800 secundum
1576 2749 1825 2800 rationem
1846 2747 1909 2800 de
1929 2750 2039 2799 Deo
2059 2749 2267 2800 locutus

373 2833 482 2888 est,
513 2840 671 2894 quam
690 2825 963 2890 Salomon,
993 2827 1085 2893 qni
1105 2826 1304 2878 lumine
1324 2826 1545 2878 naturali
1564 2840 1748 2878 omnes
1768 2827 1853 2878 sui
1873 2826 2069 2878 saeculi
2091 2841 2264 2895 supe—
2329 2845 2330 2850 ¹

477 3015 518 3062 1)
556 3011 699 3055 Exod·
725 3022 826 3066 cap.
845 3013 914 3070 32,
937 3017 976 3054 1.
996 3023 1100 3068 sqq.

475 3072 520 3124 2)
557 3072 659 3116 lon.
682 3072 722 3128 ¹,
743 3074 785 3114 2.
