2350 3475
891 131 1029 179 car.
1081 131 1195 179 vn.
1342 133 1380 161 -·
1858 129 1979 190 1⁰9

85 309 236 377 qnod
267 307 807 371 universalissimum,
847 308 1090 375 quodque
1117 309 1276 361 totins
1304 308 1599 374 scripturae
1623 306 1769 361 basis
1788 316 1839 362 et
1858 311 1985 362 rnn-

85 387 404 440 dnmentum
423 393 532 450 est,
571 394 622 438 et
641 387 782 453 quod
803 386 1062 452 denique
1047 401 1101 437 ιιι
1120 389 1235 452 ipsa
1254 394 1499 452 tanquam
1520 392 1723 438 aeterna
1744 392 1795 438 et
1812 391 1985 440 omni-

87 464 194 516 bus
212 465 525 516 mortalibus
541 464 819 539 utilissima
839 463 1070 515 doctrina
1087 463 1152 514 ab
1171 462 1417 516 omnibus
1434 464 1698 532 prophetis
1718 479 1986 516 commen-

89 542 274 594 datur.
319 542 538 608 exempli
566 544 755 608 gratia,
795 539 939 607 quod
962 543 1106 592 Deus
1134 541 1324 593 unicus
1352 548 1406 593 et
1432 541 1759 610 omnipotens
1795 543 1979 605 existit,

89 621 184 683 qui
213 618 370 671 solus
395 624 478 670 est
503 618 799 671 adorandus
819 626 872 670 et
887 620 977 684 qui
998 631 1182 669 omnes
1202 626 1373 680 curat,
1412 632 1609 685 eosque
1628 632 1785 686 supra
1804 621 1984 671 omnes

91 694 293 761 diligit,
351 697 444 762 qui
475 697 650 762 ipsum
685 695 900 749 odorant
935 701 987 747 et
1023 695 1311 761 proximum
1348 702 1595 761 tanquam
1634 703 1800 748 semet
1842 697 1985 763 ipsos

91 781 273 824 amant
303 780 403 824 etc.
474 773 563 827 28.
599 774 742 826 Haec
768 779 821 824 et
839 773 1054 837 similia,
1095 774 1340 838 inquam,
1382 773 1645 838 Scriptura
1664 772 1862 839 ubique
1880 781 1984 824 tam

91 851 232 902 clare
257 857 474 914 tamque
491 865 731 917 expresse
750 850 916 913 docet,
957 855 1016 900 nt
1025 850 1211 902 nullus
1231 857 1466 916 unquam
1484 849 1659 912 fuerit,
1680 851 1771 916 qui
1790 849 1854 902 de
1874 851 1987 901 eius

91 941 260 978 sensu
292 927 428 978 circa
452 926 578 979 haec
606 927 906 994 ambegerit.
980 928 1118 992 Quid
1149 934 1320 979 autem
1349 929 1491 979 Dens
1521 927 1591 978 sit
1608 933 1658 978 et
1675 940 1775 992 qua
1796 928 1989 978 ratione

93 1018 180 1054 res
207 1018 396 1056 omnes
425 1003 594 1056 videat
619 1006 790 1072 iisque
817 1004 1108 1072 provideat,
1133 1004 1277 1068 rhaec
1312 1009 1363 1056 et
1397 1004 1588 1056 similia
1628 1003 1891 1071 Scriptura
1930 1018 1990 1055 ex

93 1082 338 1147 professo
365 1087 420 1132 et
445 1087 693 1149 tanquam
722 1089 982 1134 aeternam
1011 1083 1298 1134 doctrinam
1326 1095 1429 1132 uon
1452 1081 1619 1133 docet.
1692 1081 1797 1132 Sed
1814 1087 1989 1132 eontra

93 1157 380 1224 prophetas
415 1159 562 1225 ipsos
598 1161 730 1212 cirea
767 1159 894 1211 haec
930 1173 1036 1211 non
1073 1160 1377 1210 convenisse
1414 1158 1517 1209 iam
1554 1171 1709 1223 snpra
1747 1157 1989 1210 ostendi-

95 1249 218 1287 mus
239 1235 326 1303 ¹);
367 1235 598 1303 adeoque
627 1235 690 1287 de
720 1236 983 1288 similibus
1013 1235 1139 1287 nihil
1167 1243 1413 1300 tanquam
1452 1234 1737 1287 doctrinam
1775 1235 1989 1301 spiritns

95 1314 266 1364 saneti
303 1312 667 1375 statuendum,
704 1315 914 1366 tametsi
946 1313 1144 1364 lumine
1182 1312 1403 1363 naturali
1439 1313 1632 1378 optime
1660 1311 1989 1362 determinari

97 1389 291 1454 possit.
397 1389 486 1446 29.
540 1391 652 1442 Hac
696 1391 853 1458 igitur
897 1390 1176 1443 universali
1222 1389 1518 1454 Scripturae
1564 1388 1792 1439 doctrina
1831 1386 1990 1454 probe

97 1467 303 1532 cognita
327 1466 712 1532 procedendum
733 1467 920 1519 deinde
939 1466 1099 1519 estad
1118 1466 1218 1519 alia
1238 1467 1414 1518 minus
1433 1463 1758 1527 universalia,
1787 1472 1839 1516 et
1857 1479 2011 1530 quae=

99 1553 278 1594 tamen
297 1557 630 1596 communem
650 1557 808 1596 usum
825 1545 958 1597 vitae
977 1551 1213 1610 spectant
1231 1556 1469 1610 quaeque
1504 1558 1564 1594 ex
1589 1542 1685 1594 hac
1714 1542 1990 1593 universali

97 1621 335 1670 doctrine
365 1627 610 1686 tanquam
637 1620 788 1673 rivuli
816 1621 1136 1684 derivantur-3
1175 1622 1252 1673 nti
1282 1628 1409 1674 sunt
1424 1634 1606 1672 omnes
1624 1633 1769 1670 verae
1787 1620 1991 1670 virtutis

95 1697 330 1751 actiones
349 1698 684 1764 particulares
703 1705 956 1763 externae,
978 1713 1078 1767 qua
1100 1714 1203 1752 non
1224 1699 1329 1753 nisi
1349 1699 1463 1751 data
1483 1699 1753 1751 occasione
1773 1699 1991 1749 exerceri

16 1834 20 1843 ‚
97 1782 368 1839 possunt3
425 1783 477 1827 et
510 1776 760 1843 quicquid
796 1779 929 1829 circa
965 1776 1092 1829 haec
1129 1776 1413 1829 obscurum
1450 1776 1556 1829 sive
1596 1774 1899 1841 ambignum
1936 1776 1992 1825 in

99 1852 322 1917 Scriptis
341 1853 648 1919 reperiatur,
691 1868 749 1906 ex
769 1854 998 1905 doctrina
1017 1855 1314 1921 Scripturas
1332 1852 1610 1905 universali
1630 1850 1991 1919 explicandum

16 2002 18 2006 .
99 1934 156 1978 et
176 1929 627 1981 determinandum
647 1937 745 1983 est.
801 1932 858 1983 si
878 1944 1010 1998 quae
1029 1938 1203 1983 autem
1218 1932 1435 1983 invicem
1455 1932 1706 1982 contraria
1726 1930 1992 1995 reperian-

99 2013 216 2066 tur,
274 2005 584 2067 videndum,
641 2021 744 2074 qna
790 2010 1088 2070 occasione,
1147 2022 1253 2073 quo
1300 2015 1527 2073 tempore
1564 2007 1641 2058 vel
1680 2008 1763 2059 eui
1800 2007 1992 2073 scripta

99 2083 319 2133 fuerint.
408 2082 496 2134 3⁰.
539 2085 633 2136 Ex.
664 2100 743 2152 gr.
784 2100 948 2151 quum
984 2084 1223 2137 Christus
1260 2082 1385 2135 dicit
1398 2085 1484 2153 ²)=
1539 2084 1701 2136 Beati
1731 2083 1988 2150 lugentes,

101 2161 360 2225 quoniam
377 2161 788 2213 consolationem
806 2165 1095 2229 accipient,
1127 2176 1188 2213 ex
1207 2160 1304 2213 hoc
1321 2168 1457 2215 textu
1479 2161 1740 2213 nescimus
1754 2200 1769 2223 ,
1811 2161 1991 2227 quales

101 2235 344 2302 lugentes
374 2236 650 2304 intelligat:
691 2239 784 2291 sed
815 2240 936 2305 quia
965 2246 1143 2305 postea
1173 2238 1351 2301 docet,
1390 2246 1449 2290 ut
1474 2238 1539 2291 de
1566 2238 1708 2290 nulla
1735 2253 1790 2289 re
1826 2240 1993 2289 simus

103 2313 340 2378 solliciti,
381 2314 486 2365 nisi
507 2313 571 2366 de
593 2316 704 2367 solo
721 2330 878 2382 regno
897 2316 991 2367 Dei
1013 2318 1234 2384 eiusque
1252 2316 1464 2378 iustitia,
1490 2314 1629 2383 quod
1650 2321 1709 2365 ut
1726 2327 1991 2365 summum

105 2389 308 2443 bonum
327 2393 658 2444 commendat
675 2392 818 2461 (vide
838 2392 1025 2446 Metili.
1049 2408 1161 2460 cap.
1185 2397 1236 2447 6.
1257 2408 1393 2445 vers.
1414 2393 1559 2462 330,
1596 2392 1719 2443 hinc
1735 2390 1989 2458 sequitur,

105 2482 228 2520 eum
255 2482 352 2535 per
377 2468 612 2535 lugentes
641 2484 731 2522 eos
759 2477 960 2522 tantum
991 2470 1301 2535 intelligere,
1343 2470 1432 2535 qui
1462 2470 1639 2536 lugent
1664 2480 1878 2533 regnum
1898 2466 1994 2517 Dei

105 2553 160 2597 et
197 2546 448 2597 iustitiam
483 2544 548 2597 ab
593 2546 892 2599 hominibus
929 2547 1240 2613 neglectum
1282 2546 1379 2598 hoc
1416 2546 1551 2597 enim
1588 2553 1787 2596 tantum
1821 2542 1994 2609 lugere

108 2629 336 2688 possunt
363 2624 424 2685 ii,
465 2623 556 2690 qui
587 2624 712 2675 nihil
732 2626 834 2676 nisi
855 2639 1069 2691 regnum
1089 2624 1321 2676 divinum
1342 2625 1450 2676 sive
1469 2622 1777 2689 aequitatem
1798 2628 1987 2683 amant,

111 2708 162 2751 et
179 2699 380 2766 reliqua
398 2699 632 2752 fortunae
652 2701 802 2767 plane
821 2709 1174 2758 contemnunt.
1248 2702 1333 2755 31.
1365 2702 1451 2752 Sic
1470 2700 1623 2753 etiam
1642 2714 1804 2766 quum
1824 2700 1894 2751 ait
1910 2698 1961 2762 ⁸)
1977 2717 1991 2749 z

109 2776 216 2829 Sed
240 2780 318 2843 ei,
358 2778 456 2843 qui
470 2781 712 2846 percutit
733 2783 785 2830 te
809 2794 973 2847 supra
995 2780 1278 2832 maxillam
1305 2785 1453 2831 tuam
1471 2777 1742 2844 dextram,
1783 2778 1994 2830 obverte

214 2983 262 3036 ι)
289 2980 391 3025 vid.
413 2992 515 3036 cap.
536 2984 576 3022 2.
597 2983 638 3034 ς.
659 2982 726 3024 32
745 2993 849 3040 sqq.

211 3046 258 3094 2)
295 3041 461 3088 ΜιιιΙι.
481 3042 526 3090 5,
539 3042 582 3086 4.

213 3104 260 3154 8)
297 3100 466 3149 lauh.
485 3102 530 3157 5,
549 3103 615 3143 29.
635 3114 706 3161 sq.
