2350 3475
327 126 452 186 252
729 127 1120 176 TnAcTATUS
1157 127 1557 174 Tnssomfflco
1571 129 1816 176 -POL1'1'.

328 313 800 373 consequenter
825 321 854 358 a
873 307 1036 360 solis
1055 307 1323 360 summis
1344 305 1787 374 potestatibus
1808 305 2237 360 determinari

329 383 545 446 debet,
595 398 886 452 quaeque
929 385 1080 436 adeo
1125 385 1265 436 eius
1312 385 1500 436 etiam
1546 385 1945 452 interpretes
1980 383 2153 437 debe
2170 392 2237 435 nt

329 475 490 514 esse.
532 461 582 513 3.
607 465 816 528 Loquor
833 475 1072 529 expresse
1091 463 1156 514 de
1176 462 1381 529 pietatis
1402 461 1635 513 exercitio
1656 467 1709 513 et
1728 466 1934 514 externo
1953 461 2234 528 religionis

331 539 473 590 cultu
487 555 501 603 3
525 553 628 591 non
641 546 810 590 autem
825 538 887 590 de
899 540 1008 606 ipsa
1023 541 1209 607 pietate
1219 546 1267 591 et
1275 539 1371 590 Dei
1384 539 1582 590 interno
1592 539 1751 602 cultu,
1766 540 1861 591 sivi
1874 538 2086 602 mediiS,
2104 541 2234 606 qui-

329 615 430 668 bus
463 631 609 668 mens
627 617 826 669 interne
847 617 1140 683 disponitur
1158 614 1224 668 ad
1241 618 1409 667 Deum
1430 616 1720 680 integritate
1738 617 1897 668 animi
1916 616 2230 668 colendum.

330 697 570 745 internus
590 694 726 743 enim
746 694 841 744 Dei
865 693 1038 744 cultus
1058 694 1239 759 etipsa
1262 693 1423 758 pietas
1444 693 1855 759 uniuscuiusque
1872 693 2004 744 iuris
2022 699 2110 744 est
2140 693 2230 758 (ut

331 772 384 821 in
405 769 508 820 fine
527 784 642 835 cap.
663 771 776 821 vu.
798 771 851 838 ¹)
873 770 1243 836 ostendimus),
1268 768 1407 835 quod
1431 770 1485 820 in
1506 769 1665 820 elium
1686 770 1951 822 transferri
1972 783 2080 820 non
2104 777 2227 836 pot-

331 852 432 898 est.
504 849 555 897 4.
594 848 750 898 Porro
783 846 908 913 quid
938 847 1022 898 hic
1049 861 1142 914 per
1168 847 1265 897 Dei
1296 859 1513 912 regnum
1542 846 1823 912 intelligam
1854 862 1913 898 ex
1938 861 2051 914 cap.
2072 847 2221 898 XIV.
2307 837 2308 908 3

331 924 458 974 satis
478 930 712 976 constare
732 924 961 975 existimo
975 924 1053 992 ²).
1107 924 1168 974 In
1190 937 1250 974 eo
1272 924 1410 974 enim
1432 923 1773 985 ostendimus,
1798 937 1916 974 enm
1936 925 2105 990 legem
2127 923 2227 974 Del

331 999 613 1066 adimplere
626 1040 641 1062 ,
665 1003 755 1066 qui
774 1001 1029 1052 iustitiam
1047 1007 1096 1052 et
1114 1001 1377 1052 caritatem
1396 1015 1454 1051 ex
1474 1000 1569 1050 Dei
1592 999 1833 1051 mandato
1852 999 1993 1053 colit.
2068 1001 2223 1052 Unde

331 1079 566 1142 sequitur
583 1077 711 1129 illud
728 1093 952 1143 reg-num
971 1091 1086 1129 esse
1105 1077 1212 1128 Dei
1226 1116 1240 1138 ,
1279 1078 1332 1127 in
1353 1091 1457 1143 quo
1477 1077 1672 1127 iustitie
1692 1083 1745 1129 et
1762 1077 1945 1129 caritas
1964 1078 2068 1128 vim
2090 1079 2223 1129 iuris

331 1161 383 1206 et
410 1153 638 1206 mandati
667 1154 878 1208 liabent.
951 1155 1002 1206 5.
1041 1153 1217 1220 Atque
1246 1153 1329 1206 hic
1360 1153 1555 1205 nullam
1592 1167 1817 1220 agnosco
1853 1153 2217 1214 differentiam,

331 1231 436 1283 sive
463 1232 608 1283 Deus
638 1246 815 1284 verum
847 1231 1072 1284 iustitiae
1102 1237 1153 1283 et
1184 1231 1408 1284 caritatis
1438 1229 1634 1282 cultum
1656 1230 1851 1282 lumine
1871 1231 2093 1282 naturali
2114 1233 2221 1283 sive

332 1309 634 1360 revelatione
673 1308 852 1361 doceat
889 1309 1237 1375 imperatque:
1276 1306 1403 1358 nihil
1444 1307 1581 1359 enim
1616 1307 1795 1367 refert,
1838 1307 2103 1374 quomodo
2135 1308 2220 1358 ille

2306 1031 2309 1128 1

2306 1147 2308 1178 1

332 1383 503 1437 cultus
534 1386 784 1437 revelatus
811 1385 904 1446 sit,
945 1383 1100 1435 modo
1127 1399 1396 1436 summum
1414 1383 1495 1434 ius
1511 1383 1767 1444 obtineat,
1808 1399 2123 1450 summaque
2141 1384 2221 1436 lex
2307 1407 2308 1410 ¹

334 1462 632 1514 bominibus
651 1463 736 1514 sit.
811 1462 862 1513 6.
901 1463 956 1512 Si
978 1462 1137 1526 igitur
1157 1462 1260 1513 iam
1282 1461 1578 1524 ostendam,
1611 1461 1860 1512 iustitiam
1882 1468 1933 1512 et
1952 1461 2218 1512 caritatem

333 1541 434 1590 vim
457 1540 584 1591 iuris
605 1546 655 1590 et
673 1539 898 1590 mandati
918 1553 1022 1591 non
1045 1553 1199 1606 posse
1218 1539 1466 1604 accipere,
1488 1537 1591 1589 nisi
1613 1553 1672 1590 ex
1689 1538 1803 1590 iure
1822 1538 2049 1605 imperii,
2069 1537 2219 1589 facile

333 1615 454 1667 inde
491 1615 796 1668 concludam
827 1615 1279 1683 (quandoquidem
1315 1616 1399 1667 ius
1433 1614 1633 1680 imperii
1671 1628 1831 1682 penes
1859 1627 2094 1665 summas
2122 1629 2221 1681 po-

335 1699 546 1744 testates
579 1699 778 1745 tantum
812 1693 947 1761 est),
988 1692 1284 1758 religionem
1303 1693 1405 1743 vim
1426 1692 1552 1745 iuris
1574 1692 1803 1759 accipere
1824 1706 1881 1743 ex
1903 1691 2014 1743 solo
2034 1705 2216 1744 eorum

245 1824 250 1830 ,
335 1770 569 1830 decreto,
609 1770 698 1835 qui
735 1770 819 1821 ius
855 1770 1145 1837 imperandi
1183 1768 1399 1833 habent,
1438 1774 1489 1819 et
1516 1770 1684 1820 Deum
1720 1768 1922 1820 nullum
1954 1768 2218 1835 singulare

335 1860 547 1911 regnum
585 1846 640 1895 in
669 1844 904 1896 homines
933 1844 1146 1906 hebere,
1189 1845 1287 1895 nisi
1326 1859 1416 1910 per
1444 1859 1560 1907 eos,
1601 1846 1691 1911 qui
1718 1845 1991 1911 imperium
2020 1853 2229 1898 tenent.-

334 1922 386 1973 7.
422 1921 495 1973 At
512 1920 650 1988 quod
672 1921 842 1973 cultus
860 1922 1084 1973 iustitiae
1105 1930 1154 1973 et
1171 1922 1396 1973 caritatis
1418 1923 1518 1973 vim
1538 1922 1666 1973 iuris
1686 1936 1789 1972 non
1809 1921 2011 1988 accipit,
2034 1923 2216 1973 nisiex

335 2000 448 2051 iure
483 1999 718 2066 imperii,
759 2013 813 2049 ex
851 1998 1276 2051 antecedentibus
1310 2004 1469 2066 petet.
1543 1998 1881 2050 Ostendimus
1920 1999 2058 2049 enim
2100 2013 2212 2065 cap.
2307 2046 2308 2055 ,

333 2076 474 2127 XVI.
495 2076 574 2144 ³),
616 2076 670 2128 in
698 2082 834 2127 statu
863 2076 1080 2129 naturali
1111 2091 1213 2127 non
1244 2075 1360 2143 plus
1387 2075 1517 2127 iuris
1537 2075 1751 2136 rationi,
1790 2088 1945 2141 quarn
1966 2076 2215 2142 appetitui
2306 2102 2308 2113 ‹

336 2166 476 2215 esse,
508 2151 612 2224 'sed
631 2160 734 2204 tam
755 2166 872 2216 eos,
903 2154 1300 2229 qui.seeundum
1323 2152 1461 2218 leges
1480 2153 1766 2219 appetitus,
1799 2164 1955 2217 quam
1976 2166 2094 2214 eos,
2129 2154 2214 2218 qui
2307 2186 2308 2219 3

337 2230 625 2281 secundum
645 2228 784 2296 leges
805 2230 1015 2281 rationis
1033 2232 1232 2294 vivunt,
1275 2230 1361 2281 ius
1382 2228 1444 2280 ad
1464 2230 1661 2290 omnia,
1696 2242 1826 2294 quae
1848 2236 2091 2295 possunt,
2124 2229 2216 2281 ha-
2307 2220 2308 2245 ³

337 2306 479 2359 bere.
551 2306 605 2358 8.
641 2307 756 2357 Hac
783 2306 847 2359 de
875 2320 1030 2358 causa
1059 2308 1109 2357 in
1139 2313 1278 2358 stetu
1298 2306 1517 2358 naturali
1536 2312 1803 2373 peccatum
1826 2306 2093 2371 concipere
2114 2322 2212 2359 non

339 2384 632 2449 potuimus,
671 2396 766 2434 nec
789 2385 959 2435 Deum
989 2390 1253 2449 tamquam
1282 2382 1503 2434 iudicem
1525 2382 1763 2435 homines
1782 2390 1991 2451 propter
2008 2391 2213 2448 peccate

338 2462 655 2527 punientem,
689 2458 780 2512 sed
801 2460 973 2512 omnia
994 2460 1283 2511 secundum
1303 2460 1442 2526 leges
1464 2460 1731 2511 universae
1752 2466 1961 2511 naturae
1980 2473 2212 2511 commu-

337 2553 431 2590 nes
458 2537 605 2598 i'erri,
643 2544 695 2589 et
731 2536 951 2589 eundem
988 2550 1165 2589 casum
1196 2535 1281 2603 (ut
1308 2551 1425 2587 cum
1456 2534 1729 2588 Salomone
1755 2534 1963 2603 loquer)
1994 2536 2130 2587 iusto
2157 2551 2212 2589 ac

337 2616 498 2682 impio
513 2652 528 2676 ,
565 2627 697 2681 puro
727 2628 786 2665 ae
805 2614 1008 2680 impuro
1028 2620 1126 2666 etc.
1147 2614 1441 2680 contingere
1459 2612 1515 2683 ⁴)
1527 2651 1544 2678 ‚
1585 2620 1635 2666 et
1656 2610 1856 2664 nullum
1876 2612 2047 2664 locum
2066 2613 2215 2665 iusti-

339 2692 456 2756 tiae,
493 2705 586 2743 nec
605 2690 801 2743 caritati
822 2705 964 2744 esse:
1003 2696 1058 2743 nt
1084 2697 1144 2743 ut
1167 2704 1315 2744 verne
1336 2691 1550 2744 rationis
1568 2688 1893 2753 documenta,
1918 2688 2015 2741 hoc
2034 2698 2113 2742 est
2133 2688 2214 2759 (ut

443 2911 489 2964 1)
515 2909 617 2954 vid.
638 2920 741 2965 eap.
759 2912 800 2954 τ.
819 2912 863 2964 ς.
882 2911 950 2955 90.
971 2922 1076 2966 sqq.

441 2972 486 3020 2)
514 2968 614 3011 Vid.
637 2979 740 3023 cap.
763 2970 827 3011 14.
849 2969 1063 3024 inprimis
1083 2971 1124 3021 ς.
1143 2970 1211 3011 2³.
1232 2974 1280 3013 et
1294 2970 1361 3013 ³3.

443 3030 486 3078 3)
513 3025 622 3069 vid.
644 3028 747 3079 cap.
767 3029 832 3071 1⁶.
851 3030 894 3080 ς.
914 3029 1048 3071 6-8.

445 3089 489 3140 4)
518 3085 618 3129 vid.
641 3083 814 3132 Selom.
837 3086 995 3132 Cohel.
1015 3099 1119 3145 cap.
1140 3088 1182 3133 9.
1203 3100 1243 3134 v.
1260 3090 1303 3133 2.
