2350 3475
925 126 1062 178 car.
1117 125 1209 178 m.
1529 117 1534 121 ·
1564 117 1579 121 ’·
1934 127 2010 192 61

121 307 306 360 odium
326 309 382 359 in
399 321 459 360 se
478 307 837 368 converterint,
851 304 1008 372 idque
1025 321 1129 359 non
1149 313 1350 358 tautum
1368 306 1555 360 ritibus
1572 310 1810 372 externis,
1827 310 2016 364 ritibus

117 394 406 437 ceterarum
422 386 690 439 nationum
703 385 991 446 contrariis,
1005 383 1095 435 sed
1110 385 1263 446 etiam
1276 385 1425 449 signo
1435 386 1859 449 circumcisionis,
1874 389 2016 454 quod

118 462 513 528 religiosissime
543 469 767 513 servant.
841 455 994 524 Quod
1025 468 1199 513 autem
1227 461 1497 513 nationum
1526 462 1701 515 odium
1722 477 1813 515 eos
1832 463 2025 526 admo<

117 539 244 590 dum
265 546 560 604 conservet,
583 539 655 590 'id
674 540 776 592 iem
795 539 1106 604 experientia
1126 538 1321 590 docuit.
1394 541 1480 594 54,
1520 540 1698 604 Quum
1720 554 1805 592 rex
1821 541 2019 606 Hispa-

119 617 231 668 niae
261 617 391 670 olim
423 616 647 672 Iudaeos
678 617 846 682 coegit
874 617 1018 681 regni
1040 615 1335 682 religionem
1354 615 1623 670 admittere
1640 615 1717 671 vel
1736 619 1789 668 in
1810 616 2017 670 exilium
2057 680 2062 687 ,

117 693 188 744 ire
206 733 221 755 ,
259 695 572 768 perplurimi
602 693 780 746 Iudaei
809 692 1191 761 pontificiorum
1220 690 1519 758 religionem
1538 693 1884 754 admiserunt3
1923 694 2017 746 sed

119 771 240 834 quia
261 772 362 834 iis,
404 771 498 838 qui
517 771 819 836 religionem
848 770 1198 832 admiserunt,
1234 770 1407 822 omnia
1427 771 1781 837 Hispanorum
1810 777 2020 823 natura·-

118 846 246 902 lium
266 849 536 914 privilegia
555 861 802 900 concessa
821 855 967 908 sunt,
1005 847 1147 913 iique
1166 844 1413 900 omnibus
1432 845 1716 899 honoribus
1739 839 1883 913 digni
1903 847 2017 898 exi-

121 925 320 979 stimati
339 933 490 987 sunt,
529 926 702 979 statim
724 925 795 976 ita
813 939 874 976 se
892 925 1144 990 Hispanis
1167 924 1595 989 immiscuerunt,
1638 932 1696 976 ut
1715 939 1880 991 pauco
1899 930 2021 992 post

120 1008 354 1068 tempore
385 1001 559 1054 nullae
587 1016 765 1058 eorum
795 1001 1042 1068 reliquiae
1073 1001 1385 1063 manserint,
1426 1015 1605 1067 neque
1626 1001 1733 1054 ulla
1753 1002 2018 1054 memoria.

120 1076 190 1128 At
217 1077 376 1146 plane
406 1087 582 1131 contra
609 1081 675 1135 iis
695 1079 934 1152 contigit,
975 1093 1109 1146 quos
1129 1093 1216 1130 rex
1231 1079 1601 1133 Lusitanorum
1620 1077 1915 1144 religionem
1934 1079 2023 1130 sui

121 1155 328 1222 imperii
349 1157 618 1218 admittere
637 1156 803 1222 coegit
816 1194 832 1217 ,
855 1157 947 1221 qui
964 1170 1172 1222 semper
1186 1195 1201 1218 ,
1232 1157 1469 1223 quamvis
1488 1155 1553 1214 ad
1574 1155 1876 1221 religionem
1893 1169 2023 1208 con-

120 1233 286 1296 versi,
326 1232 393 1284 ab
412 1232 658 1286 omnibus
675 1233 900 1299 separati
929 1234 1187 1294 vixerunt,
1225 1233 1470 1284 nimirum
1504 1233 1625 1297 quia
1655 1246 1747 1284 eos
1776 1231 2021 1286 omnibus

123 1308 415 1374 bonoribus
435 1310 680 1376 indignos
702 1308 994 1363 declaravit.
1070 1310 1155 1362 55.
1196 1309 1413 1374 Signum
1435 1309 1845 1361 circumcisionis
1864 1309 2021 1360 etiam

121 1384 221 1438 bac
249 1387 307 1438 in
333 1401 388 1438 re
410 1393 609 1441 tantum
629 1401 786 1454 posse
805 1387 1039 1438 existimo
1055 1425 1070 1447 ,
1108 1393 1168 1437 ut
1189 1385 1315 1438 mihi
1333 1384 1698 1452 persuadeam,
1738 1383 1837 1436 hoc
1854 1398 2021 1436 unum

122 1461 260 1525 hauc
278 1463 542 1526 nationem
562 1465 618 1515 in
637 1470 904 1517 aeternum
924 1471 1345 1517 conservaturum
1364 1479 1378 1524 ς
1420 1464 1526 1516 imo
1546 1462 1649 1514 nisi
1681 1460 2021 1513 fundamenta

123 1554 254 1600 suae
284 1539 550 1606 religionis
579 1554 759 1594 eorum
796 1541 998 1592 animos
1038 1539 1423 1602 effeminarent,
1460 1537 1697 1592 absolute
1735 1537 2017 1600 crederem,

125 1630 218 1668 eos
250 1615 564 1684 aliquando,
601 1617 720 1670 data
749 1619 1046 1680 occasione,
1087 1626 1144 1669 ut
1171 1625 1300 1671 sunt
1324 1632 1406 1670 res
1437 1615 1695 1673 humanae
1722 1612 2019 1678 mutabiles,

125 1707 290 1755 sumn
311 1694 587 1763 imperium
607 1695 795 1750 iterum
815 1700 1075 1749 erecturos
1094 1733 1110 1759 ,
1148 1698 1423 1763 Deumque
1454 1708 1545 1749 eos
1576 1693 1641 1747 de
1670 1707 1799 1745 novo
1829 1691 2023 1745 electu·-

124 1772 297 1821 rum.‘
357 1772 442 1825 56.
481 1772 643 1837 Cuius
681 1773 838 1825 etiam
876 1774 948 1824 rei
989 1772 1282 1841 exemplum
1317 1773 1634 1839 praeclarum
1672 1769 1927 1823 babemus
1966 1770 2022 1823 in

127 1846 516 1915 Chinensibus,
556 1850 646 1915 qui
677 1851 834 1903 etiam
864 1864 1066 1906 comma
1098 1850 1309 1918 aliquod
1344 1851 1399 1901 in
1435 1850 1603 1916 capite
1636 1847 2023 1914 religiosissime

125 1931 361 1991 servant,
403 1940 507 1991 quo
545 1941 604 1978 se
643 1924 708 1979 ah
746 1925 994 1979 omnibus
1031 1926 1148 1981 aliis
1186 1932 1453 1994 separant,
1492 1934 1545 1979 et
1578 1927 1650 1977 ita
1688 1925 1909 1991 separati
1948 1929 2025 1976 tot

126 2016 386 2061 annorum
413 2002 574 2069 millia
601 2017 661 2055 se
689 2010 1142 2069 conservaverunt,
1181 2012 1240 2056 ut
1258 2004 1561 2070 antiquitate
1574 2001 1807 2067 reliquas
1838 2016 2023 2054 omnes

128 2079 368 2131 nationes
413 2072 580 2145 longe
613 2087 887 2147 superent,
943 2095 1038 2133 nec
1081 2095 1289 2148 semper
1333 2080 1611 2147 imperium
1657 2078 2021 2139 obtinuerunt3

127 2162 356 2207 attamen
381 2154 522 2207 illud
539 2158 794 2219 amissum
824 2166 1283 2227 recuperaverunt,
1322 2165 1374 2211 et
1401 2159 1516 2210 sine
1543 2154 1703 2209 dubie
1723 2156 1911 2207 iterum
1930 2170 2021 2207 rc-

127 2230 485 2298 cuperabunt,
526 2234 616 2291 ubi
637 2236 966 2288 'tartarorum
996 2236 1155 2289 animi
1175 2250 1300 2302 prae
1322 2236 1443 2289 luxu
1465 2234 1757 2289 divitiarum
1776 2232 1827 2284 et
1844 2244 2023 2284 socor-

129 2310 214 2361 dia
242 2310 575 2377 languescere
603 2311 869 2378 incipient.
945 2312 1029 2365 57.
1069 2314 1306 2379 Denique
1334 2312 1379 2365 si
1408 2312 1528 2379 quis
1556 2309 1705 2369 vellet
1723 2308 2019 2371 defendere,

127 2387 352 2453 ludaeos
371 2386 466 2438 bac
485 2386 564 2441 vel
581 2386 680 2439 alia
699 2386 764 2439 de
783 2402 940 2441 causa
959 2403 989 2441 a
1006 2391 1117 2444 Deo
1139 2392 1193 2443 in
1214 2397 1477 2444 aeternum
1498 2387 1689 2440 electos
1708 2385 1889 2449 fuisse,
1913 2401 2019 2437 non

128 2464 230 2531 ipsi
250 2463 584 2537 repugnabo,
603 2465 762 2517 modo
781 2465 1001 2529 statuat,
1025 2466 1159 2525 hanc
1180 2466 1481 2519 electionem
1496 2503 1513 2527 ,
1537 2464 1614 2515 vel
1637 2468 2021 2529 temporaneam

127 2542 206 2593 vel
245 2548 538 2603 aeternam,
587 2548 844 2611 quatenus
881 2557 941 2596 ea
977 2550 1181 2607 tantum
1216 2544 1423 2596 Iudaeis
1456 2539 1731 2609 peculiaris
1764 2547 1874 2603 est,
1913 2556 2019 2593 non

130 2619 390 2685 respicere
417 2618 522 2670 nisi
549 2618 825 2685 imperium
845 2628 896 2671 et
913 2622 1143 2687 corporis
1161 2620 1549 2686 commoditates
1570 2617 2021 2683 (quandoquidem

130 2697 228 2747 hoc
257 2696 432 2757 solum
459 2710 619 2749 unam
639 2697 898 2751 nationem
934 2696 998 2748 ab
1016 2697 1116 2749 alia
1143 2698 1461 2765 distinguere
1485 2692 1711 2763 potest);
1748 2708 1800 2751 at
1827 2699 2022 2753 ratione

131 2773 426 2826 intellectus
446 2780 494 2824 et
512 2787 660 2827 verae
680 2774 882 2827 virtutis
900 2774 1097 2828 nullam
1117 2776 1382 2827 nationem
1402 2774 1467 2826 ab
1488 2773 1586 2827 alia
1604 2772 1883 2845 distingui,
1922 2776 2020 2833 ad·-

133 2866 300 2917 eoque
321 2850 406 2905 liis
425 2851 480 2903 in
499 2848 656 2905 rebus
676 2864 772 2903 nec
790 2865 820 2903 a
836 2852 948 2904 Deo
967 2866 1127 2903 unam
1145 2866 1269 2918 prae
1288 2852 1385 2906 alia
1406 2852 1543 2921 eligi.
