2350 3475
872 153 1011 200 cn».
1061 151 1174 200 xv.
1546 177 1553 186 -
1844 151 1985 212 205·

75 344 164 382 eos
211 344 328 382 non
372 328 574 397 absque
619 329 818 382 ratione
861 330 1070 384 studere
1111 330 1397 398 theologiae
1441 329 1585 384 flrma
1629 330 1969 386 fundamenta

76 408 248 460 iacere
265 447 282 470 ,
307 423 526 474 eamque
545 407 901 461 mathematice
919 409 1269 462 demonstrare
1288 410 1480 461 conari.
1553 407 1686 471 Quis
1706 412 1843 463 enim
1866 412 1969 462 nisi

76 485 392 552 desperatus
426 492 478 537 et
515 486 730 537 insanus
767 485 948 539 rationi
981 495 1174 538 temere
1203 485 1483 540 valedicere
1505 486 1683 551 vellet,
1725 487 1803 540 vel
1832 496 1967 540 artes

77 570 126 612 et
153 563 410 614 scientias
436 569 768 615 contemnere
795 570 845 616 et
862 565 1078 616 rationis
1097 564 1459 616 certitudinem
1478 561 1703 631 negare?
1772 565 1858 616 39.
1896 563 1969 616 At

75 638 294 692 interim
313 654 406 692 eos
427 637 666 694 absolute
683 654 924 694 excusare
943 656 1048 693 non
1065 643 1379 710 possumus,
1422 641 1845 708 quandoquidem
1873 654 1963 692 ra·-

77 717 280 768 tionem
303 719 356 770 ln
378 717 626 770 auxilium
643 731 822 770 vocare
844 718 1022 770 volunt
1039 718 1104 771 ad
1123 719 1343 772 eandem
1363 718 1711 786 repellendam
1726 757 1741 780 ,
1762 726 1813 771 et
1832 724 1967 770 certa

77 794 286 846 ratione
311 789 530 848 eandem
568 796 814 848 incertam
854 795 1068 850 reddere
1106 806 1379 849 conantur.
1448 797 1561 848 Imo
1584 795 1722 850 -dum
1757 796 1970 849 student

77 871 464 932 mathematicis
485 873 1014 926 demonstrationibus
1033 873 1321 940 theologiae
1338 873 1599 926 veritatem
1620 879 1671 926 et
1690 874 1971 926 auctorita-

79 954 184 998 tem
205 949 484 1002 ostendere
497 987 512 1011 ,
551 957 604 1002 et
621 950 804 1002 rationi
824 958 876 1002 et
893 949 1082 1003 lumini
1102 952 1323 1003 naturali
1343 952 1698 1003 auctoritatem
1719 951 1965 1014 adimere,

75 1024 206 1076 nihil
228 1026 375 1078 aliud
391 1027 614 1090 faciunt,
643 1041 799 1094 qnam
821 1028 988 1095 ipsam
1009 1027 1319 1094 theologiam
1337 1026 1437 1080 suh
1456 1028 1674 1080 rationis
1692 1028 1967 1094 imperinm

77 1101 312 1166 trahere,
369 1110 420 1157 et
457 1103 608 1171 plane
647 1104 887 1157 videntur
920 1119 1243 1172 supponere,
1293 1103 1577 1170 theologiae
1612 1109 1965 1157 auctoritatem

74 1178 286 1232 nullum
307 1179 496 1232 hahere
517 1181 848 1248 splendorem
862 1220 877 1243 ,
915 1182 1018 1232 nisi
1046 1180 1247 1238 lumine
1264 1181 1483 1234 naturali
1504 1181 1719 1233 rationis
1739 1180 1970 1234 illustre-

75 1263 182 1308 tur.
261 1258 350 1309 4⁰.
381 1258 451 1308 Et
477 1259 524 1310 si
549 1265 727 1310 contra
744 1260 932 1311 iactant
949 1272 1008 1310 se
1027 1259 1229 1312 interno
1248 1259 1463 1326 spiritus
1482 1258 1647 1310 sancti
1672 1258 1967 1310 testimonio

73 1334 300 1385 omnino
327 1336 688 1401 acquiescere,
727 1343 778 1386 et
805 1335 944 1388 nulla
973 1335 1071 1389 alia
1099 1335 1164 1388 de
1192 1349 1349 1387 causa
1376 1335 1623 1386 rationem
1642 1334 1698 1384 iu
1718 1333 1967 1386 auxilium

71 1423 290 1472 vocare,
329 1426 488 1478 quam
507 1420 716 1479 propter
734 1411 1002 1473 infideles,
1033 1412 1098 1465 ad
1118 1413 1329 1464 eosdem
1349 1411 1547 1466 scilicet
1562 1410 1961 1474 convincendos,

73 1487 146 1538 nil
178 1495 358 1542 tamen
387 1488 510 1542 fidei
539 1503 718 1542 eorum
748 1489 902 1542 dictis
932 1489 1253 1542 habendum.
1328 1490 1459 1542 Nom
1486 1489 1591 1546 iam
1621 1488 1771 1539 facile
1788 1493 1968 1540 osten·-

76 1561 200 1616 dere
234 1579 549 1631 possumus,
590 1580 680 1618 eos
711 1567 787 1619 vel
819 1581 878 1620 ex
901 1566 1170 1620 affectibus
1208 1566 1289 1620 vel
1323 1579 1452 1618 vana
1486 1565 1649 1631 gloria
1684 1565 1739 1616 id
1776 1563 1965 1616 dicere.

76 1641 165 1693 ⁴1.
205 1641 288 1694 Ex
315 1641 655 1709 praecedente
683 1644 823 1695 enim
841 1645 1010 1711 eapite
1029 1643 1415 1696 evidentissime
1430 1643 1669 1709 sequitur
1689 1642 1771 1710 ¹),
1810 1640 1967 1708 spiri-

75 1723 187 1770 tum
221 1727 466 1772 sanctum
496 1734 599 1772 non
621 1720 721 1773 nisi
739 1719 805 1775 de
824 1719 977 1775 bonis
997 1721 1245 1789 operibus
1265 1721 1621 1775 testimonium
1643 1720 1789 1781 dare:
1832 1731 1969 1787 quae

76 1798 240 1849 etiam
261 1797 458 1849 Paulus
489 1797 606 1849 ideo
627 1798 682 1849 in
702 1800 858 1866 epist.
879 1800 944 1851 ad
966 1799 1134 1852 Galat.
1157 1813 1275 1868 cap.
1296 1802 1347 1851 5.
1368 1812 1503 1851 vers·
1523 1799 1613 1854 22.
1633 1798 1833 1851 fructus
1854 1797 1970 1863 spi-

73 1873 207 1925 ritus
240 1875 406 1926 sancti
434 1881 604 1937 vocat,
645 1882 696 1927 et
726 1876 839 1943 ipse
869 1891 1041 1929 revera
1071 1876 1195 1928 nihil
1228 1877 1369 1928 aliud
1389 1883 1469 1927 est
1488 1883 1686 1942 praeter
1706 1875 1864 1927 animi
1882 1888 1971 1925 ac-

75 1951 454 2015 quiescentiam
470 1989 485 2013 ,
518 1966 651 2018 quae
670 1966 729 2005 ex
747 1952 901 2005 bonis
921 1953 1220 2005 actionibus
1241 1954 1295 2004 in
1316 1961 1490 2005 mente
1509 1955 1691 2005 oritur.
1764 1954 1852 2007 42.
1889 1952 1967 2003 De

73 2030 290 2081 veritate
320 2037 494 2080 autem
523 2036 575 2080 et
603 2030 911 2082 certitudine
931 2044 1103 2081 rerum
1119 2068 1133 2093 ,
1173 2044 1309 2097 qnae
1329 2031 1495 2082 solius
1514 2037 1639 2081 sunt
1655 2028 1969 2096 speculatio-

74 2106 188 2168 nis,
235 2104 412 2157 nullus
433 2106 648 2173 spiritus
669 2106 1024 2159 testimonium
1044 2106 1132 2159 dat
1151 2116 1352 2173 praeter
1370 2107 1618 2159 rationem
1635 2144 1649 2167 ,
1680 2120 1811 2173 quae
1832 2104 1959 2167 sola,

73 2183 262 2234 utiam
279 2182 612 2235 ostendimus
625 2184 710 2252 ²),
750 2185 981 2236 veritatis
1003 2179 1223 2250 regnum
1242 2182 1345 2237 sihi
1369 2184 1677 2236 vindicavit.‘
1736 2183 1791 2234 Si
1810 2196 1967 2248 quem

75 2274 198 2325 ergo
245 2266 450 2326 praeter
493 2259 632 2311 hunc
675 2260 912 2327 spiritum
959 2261 1286 2313 contendunt
1325 2258 1540 2322 hahere,
1585 2261 1678 2327 qui
1720 2260 1865 2327 ipsos
1904 2258 1969 2311 de

73 2337 290 2389 veritate
317 2343 486 2389 certos
519 2336 713 2400 reddit,
753 2336 811 2389 id
841 2336 972 2390 falso
999 2340 1219 2401 iactant,
1258 2344 1310 2390 et
1334 2352 1439 2390 non
1468 2338 1568 2389 nisi
1595 2352 1657 2390 ex
1691 2335 1967 2389 affectuum

72 2412 402 2479 praeiudicio
429 2413 744 2479 loquuntur,
783 2414 861 2466 vel
889 2429 1014 2482 prae
1043 2428 1233 2483 magno
1264 2415 1463 2480 timore,
1503 2429 1569 2467 ne
1596 2429 1624 2466 a
1644 2410 1969 2482 philosophis

73 2494 354 2543 vincantur
379 2497 432 2541 et
456 2490 666 2556 publice
684 2491 812 2543 risui
831 2503 1178 2560 exponantur,
1219 2493 1285 2546 ad
1306 2506 1447 2545 sacra
1467 2490 1789 2557 confugiunt.
1864 2486 1965 2540 Sed

73 2568 298 2628 frustra3
337 2580 460 2618 nam
477 2580 637 2633 quem
656 2582 798 2619 aram
820 2568 922 2620 sibi
945 2584 1122 2635 parare
1142 2577 1339 2637 potest,
1381 2571 1471 2636 qul
1491 2569 1705 2620 rationis
1724 2566 1967 2619 maiesta-

73 2654 180 2697 tem
221 2642 416 2696 laedit?
501 2646 588 2697 43.
634 2646 828 2698 Verum
865 2660 955 2699 eos
993 2648 1185 2699 missos
1220 2647 1381 2709 facio,
1421 2645 1844 2713 quandoquidem
1882 2656 1971 2695 me

73 2736 224 2775 meae
263 2735 450 2773 causae
487 2721 803 2774 satisiecisse
839 2732 992 2791 puto,
1043 2724 1185 2792 quod
1222 2723 1565 2788 ostenderim,
1614 2738 1723 2791 qua
1757 2724 1967 2773 ratione

69 2800 413 2867 philosophia
441 2814 476 2850 a
503 2798 775 2865 theologia
804 2802 1102 2868 separanda
1128 2804 1224 2865 eit,
1267 2807 1323 2853 et
1345 2804 1404 2851 in
1430 2817 1536 2868 quo
1560 2805 1791 2868 utraque
1799 2801 1968 2866 potis-

73 2881 270 2928 simum
305 2878 587 2940 considat,
633 2881 690 2929 et
722 2877 868 2945 quod
898 2883 1090 2930 ’teuto-a
1121 2882 1303 2931 neuin·
1337 2880 1620 2932 ancilletur
1633 2918 1648 2943 ,
1698 2876 1792 2931 sed
1828 2876 1967 2945 'quod

86 3086 98 3113 2
181 3067 224 3113 1)
266 3063 364 3107 Vid.
388 3074 492 3118 cap.
515 3064 578 3107 ss.
601 3066 642 3117 ς.
665 3066 730 3108 1¹1.

179 3126 223 3175 2)
262 3122 364 3166 vid.
385 3134 488 3178 cap.
511 3125 574 3165 14.
598 3125 636 3174 ς.
659 3126 724 3166 38.
749 3131 793 3169 et
813 3136 912 3181 cap.
937 3126 999 3169 15.
1023 3127 1062 3177 §.
1083 3128 1148 3166 21.
