2350 3475
878 130 1156 179 canu.
1875 130 1956 192 99

51 339 53 341 v
76 316 341 365 natantur
366 316 421 361 et
448 322 585 376 qnae
612 309 763 361 etiam
796 308 952 361 realia
968 322 1087 363 esse
1106 308 1468 374 credebantur,
1507 322 1642 377 quae
1661 316 1830 363 umen
1850 326 1956 367 non

74 393 165 441 nisi
196 388 704 457 repraesentationes
730 400 921 453 resque
948 388 1284 453 imaginariae
1303 386 1538 447 inei-unu
1577 396 1636 439 ut
1653 388 1792 453 quod
1811 391 1956 443 Deus

76 475 361 528 (summum
380 466 508 533 ens)
540 478 569 515 e
600 465 743 517 coeio
772 464 1097 517 descenderit
1122 464 1266 530 (vide
1281 464 1446 517 Exodi
1466 466 1688 531 cap-19.
1713 479 1843 515 vers,
1871 467 1956 518 18.

72 553 115 594 et
130 546 293 595 Dent.
316 558 433 609 cap.
457 544 507 594 5.
532 554 665 593 vers.
680 541 819 605 22),
854 547 905 592 et
922 540 1063 606 quod
1085 554 1236 592 mons
1255 542 1397 593 Sinai
1419 548 1684 609 propterea
1705 540 1953 606 fumabat,

74 624 185 685 qnia
214 624 363 673 Dens
390 633 555 685 supra
584 618 809 669 eundem
846 618 1208 679 descenderat,
1246 620 1364 684 igne
1401 618 1776 681 circumdatus;
1817 620 1958 685 quod

72 699 199 749 Elias
230 696 303 749 ad
334 697 539 749 eoelum
566 697 717 761 igneo
746 709 901 747 curru
928 702 981 747 et
998 696 1165 760 igneis
1185 696 1336 762 equis
1357 696 1735 764 ascenderit*).
1809 698 1958 760 Quae

72 790 183 825 sane
202 775 387 827 omnia
404 788 513 825 non
534 773 639 825 nisi
658 773 1157 839 repraesentationes
1180 771 1418 835 inerunt,
1457 772 1726 839 adaptatae
1751 774 1959 840 opinio-

74 852 217 903 nibus
249 866 433 902 eorum
452 889 467 909 ‚
506 850 600 915 qui
630 863 717 901 eas
748 848 929 910 nobis,
970 856 1031 899 ut
1058 850 1125 899 iis
1153 856 1564 915 repraesentatae
1581 858 1730 913 sunt,
1771 865 1960 918 nempe

72 936 219 981 utres
237 926 473 980 actuales
495 924 835 978 tradiderunt.
908 927 993 977 58.
1033 926 1232 977 Omnes
1252 926 1416 989 enim,
1457 928 1547 993 qui
1577 927 1961 994 aliquantulum

74 1020 213 1070 snpra
236 1002 456 1071 vulgum
476 1004 708 1069 sapiunt,
747 1004 936 1064 sciunt,
977 1004 1145 1053 Deum
1171 1018 1275 1053 non
1295 1002 1484 1054 habere
1505 1003 1746 1067 dextram,
1789 1020 1961 1073 neque

72 1084 361 1143 sinistram,
401 1094 576 1145 neque
608 1078 829 1139 moveri,
870 1094 1039 1146 neque
1071 1080 1366 1146 quiescere,
1406 1094 1574 1146 neque
1603 1083 1655 1132 in
1683 1080 1826 1144 loco,
1865 1080 1959 1133 sed

72 1159 299 1211 absolute
332 1156 598 1208 infinitum
626 1168 770 1217 esse;
810 1162 863 1208 et
894 1158 949 1207 in
986 1170 1049 1207 eo
1085 1171 1270 1208 omnes
1306 1158 1552 1207 contineri
1590 1158 1956 1224 perfectiones.

72 1240 227 1299 Haec,
270 1238 521 1301 inquam,
560 1234 597 1285 ii
632 1234 833 1296 sciunt,
874 1236 965 1299 qui
1000 1248 1083 1285 res
1119 1248 1180 1286 ex
1213 1234 1631 1300 perceptionibus
1661 1236 1776 1300 puri
1805 1234 1960 1285 intel-

72 1314 221 1365 lectus
242 1312 515 1372 iudicant,
556 1318 607 1361 et
624 1324 732 1361 non
751 1319 903 1376 prout
932 1312 1228 1377 imaginatio
1247 1326 1276 1361 a
1297 1310 1544 1363 sensibus
1559 1312 1780 1363 externis
1799 1311 1962 1363 affici-

74 1400 163 1453 tur,
204 1399 272 1442 ut
311 1389 502 1453 vulgus
530 1388 688 1451 solet,
729 1388 871 1454 quod
899 1388 1015 1438 ideo
1048 1390 1218 1439 Deum
1257 1402 1558 1455 corporeum
1597 1394 1646 1439 et
1682 1388 1957 1453 imperium

71 1471 259 1533 regium
300 1473 569 1518 tenentem
606 1464 941 1530 imaginatur,
974 1466 1123 1516 cuius
1160 1466 1352 1515 solium
1389 1466 1442 1515 in
1484 1465 1792 1515 convexitate
1829 1465 1958 1516 coeli

68 1561 211 1613 snpra
232 1544 423 1596 stellas
440 1555 561 1593 esse
578 1539 725 1606 fingit
738 1579 753 1603 ,
792 1554 1011 1607 quarum
1030 1557 1061 1592 a
1079 1550 1214 1594 terra
1234 1541 1532 1593 distantiam
1550 1555 1656 1593 non
1674 1540 1957 1592 admodum

68 1623 265 1689 longam
284 1619 460 1673 credit
480 1630 617 1670 esse.
688 1617 757 1669 Et
777 1616 859 1669 bis
878 1624 929 1669 et
946 1618 1211 1671 similibus
1232 1618 1567 1685 opinionibus
1587 1618 1688 1685 (uti
1709 1618 1960 1681 diximus)

68 1698 371 1768 perplurimi
406 1697 701 1763 scripturae
730 1708 883 1748 casus
912 1694 1143 1762 adaptati
1170 1704 1326 1758 sunt,
1367 1697 1458 1763 qui
1487 1696 1702 1762 proinde
1730 1710 1834 1748 non
1866 1694 1962 1748 de·-

66 1778 174 1830 bent
200 1785 266 1829 ut
292 1773 471 1828 reales
500 1789 527 1826 a
557 1771 881 1840 pbilosophis
896 1773 1079 1840 accipi.
1154 1776 1241 1826 59.
1277 1775 1453 1826 Refert
1471 1773 1696 1841 denique
1716 1774 1780 1826 ad
1803 1773 1962 1826 mira-

64 1855 163 1906 cula
178 1896 195 1917 ,
228 1863 289 1906 ut
310 1851 529 1904 realiter
548 1850 880 1916 contigerint,
911 1850 1336 1916 intelligendum,
1368 1849 1722 1903 Hebraeorum
1743 1851 1960 1918 phrases

63 1941 104 1981 et
135 1940 321 1998 tropos
362 1930 529 1988 scire3
568 1929 659 1993 qni
696 1928 837 1978 enim
876 1925 941 1980 ad
976 1929 1122 1994 ipsos
1158 1942 1260 1979 non
1299 1930 1422 1980 satis
1458 1929 1756 1991 attenderit,
1797 1927 1960 1981 multa

62 2009 365 2075 Scripturae
386 2004 594 2070 affingat
611 2003 857 2056 miracula
872 2042 887 2068 ‚
934 2017 1069 2070 quae
1087 2007 1204 2056 eius
1225 2007 1500 2072 scriptores
1521 2017 1790 2071 nunquam
1809 2020 1962 2057 enar-

60 2101 157 2138 rare
190 2087 589 2151 cogitaverunt,
631 2081 867 2148 adeoque
896 2095 1001 2132 non
1032 2089 1279 2150 tanquam
1310 2096 1394 2133 res
1421 2089 1470 2132 et
1497 2083 1768 2146 miracula,
1809 2089 1963 2150 prout

64 2177 223 2214 revera
254 2159 607 2225 contigerint,
646 2159 741 2210 sed
770 2165 997 2210 mentem
1028 2160 1184 2210 etiam
1211 2165 1478 2210 auctorum
1507 2171 1770 2211 sacrorum
1808 2159 1959 2209 codi-

60 2254 167 2290 cum
204 2239 381 2306 plane
418 2234 691 2300 ignorabit.
764 2237 852 2288 60.
888 2235 953 2286 Ε.
984 2249 1035 2302 g.
1075 2233 1350 2290 zacharias
1388 2249 1500 2303 cap.
1525 2238 1610 2289 14.
1649 2251 1781 2287 vers.
1807 2236 1856 2286 7.
1897 2235 1961 2285 de
2063 2284 2082 2288 ,,

62 2333 283 2399 quodam
326 2328 473 2381 bello
510 2328 683 2380 futuro
722 2328 943 2394 loquens
978 2331 1077 2380 ait.
1133 2333 1271 2420 νην
1312 2334 1437 2393 ΜΠ
1476 2332 1763 2394 ἾΠκ-ῃῂ
1805 2331 1954 2390 ΠἾΠΊ

61 2447 393 2534 πῖν’-ζῆν,
470 2416 786 2530 :nv-033¹>
861 2443 1012 2532 Πζζη
1083 2399 1402 2532 *big-&52
1471 2397 1702 2506 013³&
1769 2397 1958 2528 τηῆἷξ

60 2539 161 2590 dies
189 2541 309 2590 erit
335 2537 557 2599 unicus,
596 2531 712 2586 Deo
740 2537 946 2584 tantum
972 2539 1157 2598 noma,-
1182 2506 1298 2586 ετνιονι
1325 2535 1486 2600 (enim
1519 2533 1636 2603 erit)
1665 2533 1776 2583 dies
1793 2548 1961 2600 neque
2050 2529 2055 2534 '

60 2633 184 2681 nox,
222 2621 474 2680 tempore
492 2617 670 2662 autem
692 2614 987 2678 vespertino
1009 2611 1106 2662 lucc
1125 2614 1248 2662 ‹er-it.
1303 2611 1508 2678 Quibus
1527 2607 1693 2660 verbis
1714 2623 1960 2676 magnum
2047 2619 2050 2622 ’

62 2693 379 2744 miraculum
410 2689 702 2755 praedicere
730 2689 955 2751 videtur,
998 2697 1048 2741 et
1074 2697 1246 2740 tamen
1275 2690 1339 2740 iis
1369 2687 1494 2741 nihil
1515 2685 1654 2736 aliud
1674 2686 1961 2754 significare

62 2773 154 2821 vult
172 2811 185 2833 ‚
230 2781 404 2836 quam
436 2767 574 2832 quod
610 2765 808 2817 bellum
829 2774 933 2818 toto
954 2766 1035 2818 die
1056 2768 1149 2817 erit
1165 2780 1359 2832 anceps
1378 2766 1597 2830 eiusque
1617 2771 1830 2816 eventus
1851 2767 1960 2816 Deo

63 2855 259 2898 tantum
298 2849 495 2906 notus,
534 2851 585 2895 et
613 2841 754 2910 quod
784 2851 1014 2911 tempore
1040 2843 1333 2910 vespertino
1371 2842 1632 2893 victoriam
1661 2843 1960 2908 adipiscen-
2043 2903 2048 2911 ι

64 2933 161 2985 tur;
205 2919 488 2975 similibus
515 2922 653 2972 enim
682 2920 962 2988 phrasibus
990 2921 1227 2973 victorias
1255 2927 1305 2972 et
1327 2919 1498 2971 clades
1519 2921 1786 2972 nationum
1810 2933 1961 2986 prae-

157 3101 205 3156 0)
240 3098 355 3146 via.
376 3099 404 3138 2
420 3095 531 3156 Reg.
550 3102 593 3150 2,
611 3102 677 3144 u.
1463 3168 1494 3220 ⁷
1507 3169 1536 3201 ⁴¹
