2350 3475
361 164 446 221 34
531 168 546 179 “
755 164 1148 237 Tuacn'rus
1186 162 1847 237 Tflnonomco-Pou‘r.

363 347 478 412 ipse
495 345 674 399 Moses
703 344 914 411 pergin·
931 346 1076 395 Deus
1105 343 1257 409 signa
1285 342 1441 394 etiam
1468 349 1521 393 et
1548 342 1793 395 miracula
1826 341 1947 394 facit
1964 343 2029 413 ad
2048 348 2259 395 tentan-

365 423 491 474 dum
511 423 784 491 populum.
856 421 909 472 7.
941 420 1116 487 Atque
1135 421 1231 472 hoc
1252 421 1491 472 Christus
1510 420 1665 471 etiam
1688 420 1971 487 discipulos
1990 434 2119 472 suos
2138 436 2258 471 mo-

364 500 496 560 nuit,
518 506 575 551 ut
593 504 796 550 constat
811 498 998 551 Matth.
1025 512 1140 564 cap.
1162 499 1250 551 24.
1272 512 1320 549 v.
1343 499 1429 551 24.
1504 498 1753 561 Quinimo
1774 497 2007 549 Ezechiel
2030 512 2147 564 cap
2174 499 2257 549 14.

364 593 414 629 v.
436 578 488 629 9.
519 576 654 629 clare
683 575 858 637 docet,
905 577 1074 627 Deum
1105 576 1340 626 homines
1367 574 1646 658 aliquando
1678 574 1823 626 falsis
1860 574 2259 627 revelationibus

366 671 629 737 decipere·
671 683 791 721 nam
826 669 921 719 ait:
964 671 1112 761 .73·.73
1153 672 1257 759 uie,
1302 673 1441 731 7:27
1488 672 1649 759 7:373
1698 672 1867 771 7ne3
1916 674 1982 729 32
2025 673 2258 763 &3:3³3

365 784 538 845 mni}
569 782 769 871 &³:³11
801 783 899 842 HN
933 784 1141 865 ΤΡΠΒ
1178 785 1235 831 et
1260 780 1470 847 quando
1491 782 1754 847 propheta
1783 780 1973 848 (falsus
2003 781 2115 832 scil.
2120 781 2149 849 )
2181 785 2265 831 in-
2334 838 2336 841 Α

369 876 585 927 ducitur
601 880 657 926 et
673 876 888 925 verbum
907 875 1329 940 locumsuerit,
1369 890 1469 940 ego
1490 875 1637 925 Deus
1655 874 1848 925 indua-i
1865 874 2015 925 illum
2024 877 2265 941 proplie-

369 960 508 1018 tam,·
529 950 669 1018 quod
689 954 844 1003 etiam
863 952 1122 1005 Michaeas
1141 952 1285 1020 (vide
1304 952 1505 1018 Regum
1523 950 1615 1003 lib
1637 951 1686 1002 1.
1708 965 1823 1018 cap.
1846 953 1931 1020 22.
1954 965 1999 1004 v,
2012 952 2099 1007 21.
2113 953 2263 1019 sqq.)
2337 1006 2338 1013 χ

370 1030 435 1081 de
452 991 719 1097 p’rophetis
738 1028 935 1080 Achabi
956 1035 1196 1081 testatur.
2337 1028 2338 1033 ’

475 1106 527 1158 8.
566 1108 634 1157 Et
653 1103 887 1172 quamvis
908 1106 1006 1158 hoc
1024 1105 1298 1157 ostendere
1319 1105 1553 1157 videatur
1572 1104 1899 1173 prophetiam
1920 1111 1971 1155 et
1989 1120 2073 1157 rev
2076 1105 2265 1157 elatio-

373 1199 491 1236 nem
512 1199 620 1237 rem
642 1198 758 1235 esse
780 1184 926 1249 piane
946 1183 1159 1235 dubiam
1174 1222 1189 1245 ,
1229 1181 1453 1235 habebat
1482 1189 1653 1233 tamen
1670 1221 1685 1242 ‚
1726 1182 1800 1233 uti
1824 1182 2047 1234 diximus
2060 1220 2077 1247 ,
2117 1184 2266 1234 mul-

373 1269 484 1312 tum
522 1260 894 1331 certitudinis.-
937 1263 1065 1313 Nam
1095 1262 1239 1313 Deus
1279 1261 1392 1327 pios
1428 1267 1480 1311 et
1516 1259 1708 1317 eiectos
1742 1259 2266 1325 nunquam.·decipit,

373 1338 466 1390 sed
488 1339 624 1389 iuxta
643 1337 772 1389 illud
793 1339 1062 1404 antiquum
1085 1336 1413 1405 proverbium
1432 1334 1571 1399 (vide
1594 1336 1851 1389 Samuelis
1869 1335 1961 1388 lib.
1980 1338 2028 1389 1.
2048 1350 2164 1403 cap.
2180 1337 2267 1390 24.

373 1415 594 1484 v.14.)‚
637 1421 689 1467 et
713 1422 772 1467 ut
808 1428 867 1466 ex
904 1415 1117 1467 historia
1143 1413 1406 1483 Abigaeiis
1446 1414 1663 1479 eiusque
1700 1414 1929 1465 oratione
1960 1412 2269 1479 constat1)2

374 1494 519 1545 Deus
555 1492 719 1543 utitur
753 1492 858 1559 piis
897 1498 1307 1557 tanquam-suae
1342 1492 1548 1557 pietatis
1574 1491 1971 1551 instrumentis,
2012 1496 2064 1539 et
2088 1490 2271 1555 impiis
2338 1530 2341 1549 ,

377 1578 623 1635 tanquam
643 1582 770 1619 suae
790 1569 893 1618 irae
915 1565 1273 1619 executoribus
1294 1574 1344 1619 et
1362 1568 1573 1619 mediis.
1645 1568 1697 1619 9.
1736 1567 1888 1631 Quod
1911 1567 2063 1619 etiam
2084 1566 2274 1617 claris-

377 1648 511 1697 sime
549 1651 751 1697 constat
786 1658 846 1694 ex
881 1642 968 1693 ino
1004 1659 1132 1695 casu
1172 1643 1463 1704 Michaeae,
1517 1658 1673 1709 quem
1711 1645 1865 1696 modo
1904 1644 2175 1695 citavimus
2194 1644 2272 1711 ²).

377 1724 508 1774 Nam
538 1734 854 1788 quamquam
873 1721 1014 1771 Deus
1045 1720 1341 1773 decreverat
1350 1699 1624 1774 Achabum
1653 1721 1889 1812 decipere
1918 1734 2009 1789 per
2034 1720 2274 1789 prophe-

379 1807 489 1872 tas,
533 1798 680 1849 salsis
706 1805 876 1849 tamen
907 1805 1105 1849 tantum
1134 1799 1401 1866 prophetis
1419 1813 1551 1852 usus
1570 1799 1697 1862 fuit,
1738 1801 1823 1866 pio
1842 1807 2013 1850 autem
2034 1811 2178 1862 rem,
2219 1806 2279 1849 ut

379 1865 516 1939 erat,
555 1874 818 1935 revelavit,
859 1882 908 1925 et
926 1889 1042 1926 vera
1072 1875 1365 1940 praedicere
1394 1893 1495 1928 non
1523 1840 1803 1944 prohil’mit.
1877 1874 2155 1938 Attamen,
2200 1877 2281 1927 uti

382 1954 514 2016 dixi,
539 1953 789 2006 certitudo
809 1951 1084 2020 prophetae
1105 1954 1314 2006 moralis
1333 1961 1533 2007 tantum
1556 1962 1681 2016 erat,
1720 1955 1841 2019 quia
1860 1946 2013 2004 nemo
2032 1967 2089 2002 se
2107 1953 2279 2004 iusti-

382 2032 533 2082 ficare
563 2045 735 2083 coram
755 2032 865 2080 Deo
892 2035 1090 2097 potest,
1131 2045 1229 2081 nec
1248 2031 1441 2084 iactare
1470 2031 1609 2098 quod
1640 2032 1713 2082 sit
1725 2032 1820 2083 Dei
1840 2030 2044 2096 pietatis
2065 2032 2280 2082 instru-

383 2115 646 2171 mentum,
685 2114 741 2157 ut
759 2108 870 2173 ipsa
891 2107 1150 2174 Scriptura
1171 2107 1346 2172 docet,
1380 2117 1430 2161 et
1448 2123 1531 2160 res
1550 2109 1665 2174 ipsa
1683 2107 1905 2168 indicat5
1942 2121 2063 2158 nam
2080 2108 2185 2159 Dei
2205 2109 2285 2160 ira

384 2185 632 2237 Davidem
661 2184 865 2236 seduxit
891 2183 958 2234 ad
987 2185 1366 2236 numerandum
1397 2185 1677 2253 populum,
1720 2185 1871 2242 cuius
1898 2191 2071 2240 tamen
2099 2185 2283 2249 pieta-

384 2271 490 2314 tem
511 2262 772 2328 Scriptura
792 2259 999 2312 abunde
1027 2263 1331 2330 testatur-3⁸).
1406 2263 1489 2316 10.
1528 2265 1655 2314 Tota
1684 2263 1838 2327 igitur
1866 2259 2121 2312 certitudo
2152 2275 2287 2327 pro-

385 2339 588 2406 phetica
607 2337 690 2388 his
710 2336 874 2390 tribus
893 2337 1239 2390 fundabatur:
1296 2339 1347 2391 1.
1389 2339 1541 2402 Quod
1565 2353 1646 2390 res
1668 2338 1911 2390 revelatas
1930 2337 2281 2401 vividissime‚

387 2425 445 2468 ut
488 2431 586 2468 nos
631 2413 888 2481 vigilando
935 2414 999 2465 ab
1045 2413 1259 2466 obiectis
1298 2415 1462 2468 affecti
1508 2416 1739 2468 solemus
1760 2451 1777 2478 ‚
1834 2411 2285 2480 imaginabantur.

387 2495 442 2547 2.
482 2494 658 2558 Signo.
734 2491 786 2542 3.
824 2493 1064 2558 Denique
1102 2499 1152 2542 et
1186 2492 1487 2558 praecipue,
1548 2491 1690 2558 quod
1725 2492 1959 2544 animum
1996 2492 2064 2548 ad
2100 2493 2289 2545 solum

390 2584 616 2636 aequum
645 2575 695 2618 et
719 2566 916 2620 bonum
945 2569 1248 2626 inclinatum
1284 2567 1565 2622 habebant.
1635 2569 1702 2620 Et
1736 2569 2288 2636 quamvis'scriptura

391 2662 495 2699 non
514 2659 720 2712 semper
737 2647 873 2712 signi
892 2647 1210 2702 mentionem
1230 2645 1397 2708 faciat,
1422 2645 1737 2698 credendum
1758 2655 1926 2708 tamen
1950 2655 2029 2698 est
2049 2648 2292 2713 prophe—

391 2731 480 2776 tas·
499 2737 701 2790 semper
737 2723 948 2790 signum
989 2721 1264 2779 habuisse:
1304 2737 1426 2774 nam
1456 2723 1731 2789 Scriptura·
1760 2739 1862 2775 non
1900 2739 2108 2790 semper
2146 2727 2293 2778 solet

393 2814 576 2854 omnes
605 2799 928 2852 conditiones
956 2807 1007 2851 et
1039 2800 1451 2854 circumstantias
1470 2813 1704 2852 enarrare
1727 2799 1814 2868 (ut
1832 2802 1982 2855 multi
2001 2803 2105 2854 iam
2124 2811 2293 2856 nota·-

393 2877 640 2945 verunt),
681 2875 775 2930 sed
801 2890 884 2928 res
915 2877 1085 2956 potius
1104 2883 1164 2928 ut
1182 2883 1333 2931 notas
1352 2892 1667 2948 supponere.
1740 2879 1823 2932 11.
1863 2880 2133 2932 Praeterea
2150 2894 2292 2934 con-

498 3014 540 3063 1)
574 3010 676 3053 Vid.
698 3008 863 3054 isam.
883 3011 953 3066 25,
973 3011 1041 3052 24.
1061 3022 1164 3068 sqq.

497 3074 542 3121 2)
576 3069 676 3113 Vid
698 3069 720 3108 1
741 3069 851 3124 Reg.
870 3071 1022 3119 22,1.9
1044 3082 1146 3130 sqq.

501 3132 548 3186 8)
581 3129 752 3176 28ειιιι.
772 3131 840 3190 24,
861 3133 896 3176 ι.
920 3141 1022 3191 sqq-
