2350 3475
917 141 1054 188 car.
1091 141 1156 188 x.
1869 137 1987 198 321

103 317 405 372 relationem
436 315 594 370 unius
623 314 880 375 individui
899 316 964 374 ad
985 316 1151 380 aliud,
1190 317 1285 370 sed
1304 316 1413 370 loca
1432 316 1547 370 aliis
1566 317 1868 373 intermedia
1888 319 1997 386 sig-

103 394 270 447 nificat
291 393 430 461 (qua
449 393 514 446 do
534 407 589 447 ra
609 393 722 448 vide
740 393 930 446 Ezeeh.
953 407 1068 462 cap.
1094 393 1179 447 10.
1200 409 1249 448 v.
1270 394 1357 463 2.)
1366 431 1387 460 ‚
1417 395 1524 459 vel,
1552 394 1761 458 utd1x1
1782 403 1863 448 est
1881 397 1997 462 ipsa

103 480 414 546 praepositio
433 493 529 530 seu
557 478 736 532 relatio
763 479 1020 534 abstracte
1047 487 1323 547 concepta,
1361 487 1421 532 ut
1440 494 1498 532 ex
1534 485 1705 568 ἾΊΠΝ
1748 487 1999 554 nium&

97 567 430 630 posteriora,
467 563 544 616 vel
563 563 752 630 (invito
771 567 956 618 Latino
973 564 1254 633 vocabulo)
1266 542 1718 632 postea-toricatos:
1759 565 1823 619 ad
1844 549 1999 618 cuius’

102 642 312 693 modum
334 641 514 708 plures
534 651 639 692 tam
659 643 1086 710 praepositiones,
1105 657 1262 708 qnam
1282 640 1520 694 adverbia
1532 642 1739 694 formari
1752 651 1992 711 possunt,

101 720 342 783 quamvis
359 719 414 769 iu
435 719 703 785 Scriptura
723 733 1010 785 numquam
1031 720 1109 771 sic
1125 720 1344 771 formata
1365 719 1705 786 reperiantur.

197 797 249 846 5.
292 795 458 847 Porro
493 795 638 862 ipsae
675 797 830 848 etiam
859 797 1269 864 praepositiones
1298 797 1353 847 in
1390 803 1532 847 statu
1567 797 1861 864 regiminis,
1900 797 1998 848 hoc

103 877 204 932 est,
245 878 514 938 quatenus
533 873 808 926 relationes
826 872 1084 935 indicant,
1117 875 1293 926 tamin
1314 872 1593 938 singulari,
1624 889 1783 941 quam
1806 873 1858 925 in
1876 873 2001 941 plu-

103 947 190 998 rali
217 947 570 1011 declinantur,
615 951 756 1014 quod
784 950 870 1012 fit,
914 951 1035 1017 quia
1063 951 1143 1003 vel
1164 949 1341 1004 relatio
1360 948 1625 1003 multoties
1645 951 1877 1017 concipi,
1918 951 2001 1002 vel

105 1034 220 1097 quia
254 1035 522 1086 intensius
557 1037 772 1101 exprimi
812 1035 980 1088 debet.
1054 1039 1106 1088 6.
1157 1037 1253 1087 Ex.
1292 1049 1368 1102 gr.
1408 1038 1552 1097 ἾΠΝ
1591 1041 1721 1102 post
1754 1035 1912 1088 habet
1939 1038 1993 1088 in

103 1119 284 1183 plurali
324 1123 524 1202 '‘iflissv
546 1121 688 1187 quod
709 1121 967 1188 significat
983 1122 1210 1174 multum
1222 1125 1373 1188 port,
1396 1119 1836 1185 quemadmodum
1856 1121 2002 1172 Rab-

103 1203 206 1256 bini
229 1202 450 1272 optime
457 1212 720 1258 notarunt.
792 1208 879 1259 Sic
919 1183 1003 1298 ‘725
1035 1207 1110 1259 ad
1126 1205 1349 1260 habetin
1377 1205 1567 1273 plurali
1606 1185 1727 1298 ὦδε
1774 1207 2001 1258 multum

105 1297 192 1370 ad,
233 1298 339 1350 hoc
366 1304 476 1362 est,
515 1305 767 1365 quantum
799 1299 910 1352 fieri
937 1306 1138 1367 potest,
1175 1300 1239 1353 ad
1273 1300 1412 1353 illam
1432 1308 1629 1368 partem
1648 1300 1755 1354 ivit
1829 1301 1914 1352 Sic
1942 1315 2002 1352 ex

109 1371 177 1462 ¹79
217 1400 388 1452 supra
427 1383 486 1436 fit
545 1363 690 1478 552,
731 1395 866 1439 etex
909 1391 996 1466 *m
1044 1401 1210 1452 usque
1260 1389 1401 1478 ΠΕ.
1472 1387 1611 1438 Hinc
1657 1391 1739 1465 '112
1787 1388 1903 1478 7]νὲ
1943 1388 2003 1436 in

105 1475 379 1522 aeternum
407 1469 681 1537 significat,
715 1471 814 1525 hoc
831 1479 927 1534 est,
959 1473 1150 1536 omnia,
1182 1487 1315 1539 quae
1334 1467 1535 1540 concipi
1554 1479 1795 1539 possunt
1828 1465 1998 1536 us'que

104 1557 190 1604 τοῦ
217 1569 416 1621 usque.
489 1557 578 1608 Sic
616 1561 759 1650 ΥἿΝ
793 1561 1014 1696 ’ῃῆξῃ
1051 1557 1305 1624 significat
1332 1559 1399 1609 ab
1427 1560 1572 1608 omni
1596 1560 1719 1608 ante
1748 1560 1923 1607 terrae
1924 1556 1997 1625 *.)

107 1639 168 1689 Et
197 1641 266 1692 ad
295 1641 437 1692 hune
465 1626 710 1694 modum
711 1658 893 1696 omues
945 1658 1029 1695 ere
1053 1644 1463 1710 praepositiones
1493 1648 1599 1694 tam
1634 1643 1688 1694 in
1724 1642 1997 1708 singulari,

109 1730 260 1781 quam
281 1718 340 1771 in
357 1717 548 1795 plurali
573 1733 789 1774 numero
809 1719 1050 1774 declinari
1069 1726 1313 1787 possunt.

199 1804 256 1857 7.
299 1803 373 1855 At
405 1796 543 1879 ³25¹>
586 1810 732 1869 ante,
776 1821 910 1874 quae
927 1807 1241 1874 praepositio
1261 1806 1580 1874 singularem
1596 1820 1701 1859 non
1719 1803 1901 1867 habet,
1943 1820 2001 1858 ex

107 1886 182 1939 his
211 1866 515 1955 excipienda
543 1899 640 1943 est.
711 1893 842 1944 Nam
872 1892 997 1945 haec
1017 1892 1160 1944 nulla
1179 1892 1276 1944 alia
1297 1892 1361 1944 de
1380 1906 1538 1945 causa
1556 1892 1609 1943 in
1628 1892 1815 1960 plurali
1834 1890 1999 1945 decli-

108 1982 276 2039 natur,
303 1988 462 2040 quam
482 1976 609 2042 quia
626 1977 876 2029 formatur
897 1992 926 2029 a
945 1977 1269 2031 substantivo
1308 1982 1462 2039 0³29
1482 1978 1669 2043 ,facies
1704 1978 1810 2029 sive
1848 1982 2001 2028 ante-

107 2062 275 2125 riora,
300 2061 443 2126 quod
464 2062 715 2130 singulari
735 2069 891 2115 caret.

203 2137 258 2188 8.
301 2138 541 2204 Denique
566 2136 870 2192 adverbia
899 2140 1160 2191 nomina
1187 2140 1383 2192 etiam
1412 2152 1554 2191 esse
1583 2137 1837 2202 diximus,
1879 2139 2001 2204 qui-

109 2209 204 2265 bus
231 2214 370 2265 actio
390 2227 750 2281 quaecumque
773 2216 1142 2269 determinatur
1161 2216 1355 2268 ratione
1375 2215 1539 2279 modi,
1572 2215 1848 2282 temporis,
1876 2215 1995 2277 loci,

112 2290 328 2353 agentis,
351 2288 549 2343 ordinis
567 2299 695 2355 etc„
746 2308 824 2344 ex.
846 2308 924 2361 gr.
948 2296 1092 2357 bene,
1121 2292 1261 2344 male
1277 2294 1655 2359 ,festinantem
1688 2306 1825 2353 eras,
1858 2292 1994 2354 heri,

111 2366 1152 2437 intra,soras,aimul,1m‘mo,seeundo
1182 2377 1317 2433 etc.;
1356 2376 1510 2435 atque
1538 2367 1664 2419 haec
1682 2367 1867 2434 plurali
1886 2382 1996 2419 nu-

109 2456 250 2495 mero
279 2458 454 2497 carere
473 2446 602 2497 ratio
621 2444 831 2499 indicat.
904 2448 956 2499 9.
993 2448 1100 2499 Nec
1118 2452 1372 2513 possunt,
1414 2448 1551 2496 sicut
1565 2445 1994 2513 praepositiones,

113 2518 370 2572 abstracte
397 2522 626 2589 concipi,
665 2530 724 2574 ut
749 2538 842 2591 per
869 2538 928 2576 se
953 2531 1136 2575 notum
1164 2530 1273 2587 est3
1313 2528 1365 2573 et
1394 2522 1627 2588 quamvis
1647 2522 1819 2573 Latini
1839 2522 1995 2573 etiam

114 2596 352 2649 adverbia
372 2612 524 2665 saepe
545 2598 835 2664 intendant,
856 2610 916 2652 ut
944 2602 1291 2670 perbenigne,
1321 2599 1488 2649 multo
1504 2612 1657 2649 mane
1678 2604 1797 2660 etc„
1830 2598 1994 2649 adeo-

116 2686 214 2737 que
243 2674 340 2726 hac
369 2674 436 2727 de
464 2688 618 2728 causa
647 2678 802 2729 etiam
831 2676 1078 2730 deberent
1112 2675 1252 2743 apud
1280 2674 1546 2729 Hebraeos
1583 2676 1637 2726 in
1675 2674 1859 2741 plurali
1894 2689 1997 2725 nu-

111 2762 280 2816 mero,
331 2760 394 2803 ut
427 2752 838 2819 praepositiones
874 2755 1068 2818 solent,
1118 2753 1359 2819 exprimi,
1407 2751 1503 2803 hoc
1537 2758 1706 2803 tamen
1742 2750 1997 2803 Hebraeis

115 2826 401 2881 absurdum
437 2830 713 2883 videretur.
789 2832 875 2885 10.
910 2834 1042 2885 Nam
1077 2830 1515 2897 praepositiones,
1565 2829 1685 2896 quia
1722 2826 1997 2880 relationes

117 2904 370 2971 indicant,
408 2916 662 2975 possunt,
701 2915 762 2959 ut
786 2909 996 2962 nomina
1025 2906 1376 2973 substantiva,
1416 2904 1659 2959 attributa
1682 2904 1871 2959 hahere
1888 2906 1995 2959 slve

212 3094 254 3145 *)
281 3078 416 3137 Boni.
439 3104 542 3149 cap.
562 3095 602 3137 9.
623 3096 666 3147 ς.
687 3096 753 3137 15.
773 3100 870 3139 not.

182 3160 408 3231 Spinoza
445 3166 537 3216 ΠΙ.
1501 3165 1565 3221 21
