2350 3475
888 124 1027 169 car.
1081 124 1173 170 rx.
1545 124 1550 127 ·
1845 114 1976 176 '147

100 308 309 369 possent
332 301 604 355 ostendere
633 302 885 353 intentum
906 301 1139 353 auctoris
1157 300 1407 353 librorum
1425 300 1647 366 Paralip.
1670 298 1768 352 boc
1789 294 1971 361 fnisse,

100 394 195 430 non
212 379 561 432 dubitaverim
579 378 849 440 affirmare,
890 378 1115 431 eundem
1132 378 1278 444 loqui
1301 378 1598 429 nescivisse.
1667 377 1735 428 Et
1751 377 1816 428 ad
1835 377 1974 429 bunc

100 456 305 507 modum
327 455 477 523 plura
496 454 597 507 alia
616 455 847 520 lingunt,
886 470 1022 521 quae
1038 456 1084 506 si
1107 470 1224 508 vera
1245 461 1420 508 essent
1433 494 1448 516 ,
1485 453 1724 506 absolute
1745 452 1974 506 dicerem

98 534 336 598 antiquos
364 530 633 585 Hebraeos
666 540 718 583 et
754 532 985 596 linguam
1014 546 1162 583 suam
1191 538 1244 583 et
1270 531 1514 584 narrandi
1551 532 1787 583 ordinem
1820 532 1974 598 plane

99 610 435 673 ignoravisse,
474 622 571 661 nee
598 608 758 661 ullam
780 612 1029 661 rationem
1049 624 1222 675 neque
1241 623 1476 661 normam
1497 610 1792 675 Scripturas
1807 610 1973 660 inter-

20 732 25 747 ,
100 684 331 751 pretaudi
358 700 689 751 agnoscerem
720 692 771 737 et
798 687 863 737 ad
894 684 1100 737 libitum
1120 686 1296 738 omnia
1317 685 1508 752 lingere
1525 686 1722 737 liceret.
1763 685 1880 737 ·3o.
1919 686 1976 737 Si

102 763 215 825 quis
242 770 413 813 tamen
446 768 617 829 putat,
659 776 743 813 me
770 762 851 813 hic
882 763 1041 813 nimis
1066 762 1372 828 generaliter
1389 778 1484 815 nec
1502 764 1628 816 satis
1645 762 1978 817 caminada-

21 886 23 889 ,
98 845 271 891 mento
293 838 467 902 loqui,
510 840 684 903 ipsum
718 853 867 903 rogo,
908 845 968 891 ut
992 840 1093 891 hoc
1116 847 1236 905 agat
1259 847 1312 892 et
1337 840 1492 891 nobis
1519 840 1760 891 ostendat
1777 846 1975 891 certum

21 912 23 945 :
98 916 323 980 aliquem
341 914 583 967 ordinem
600 915 653 965 in
675 914 815 967 hisce
836 916 1067 967 historiis
1080 955 1096 981 ,
1137 931 1294 983 quem
1313 917 1546 969 historici
1565 918 1620 968 in
1639 917 1974 983 chronologi-

98 992 165 1041 cis
182 992 299 1045 sine
318 998 529 1057 peccato
548 991 743 1043 imitari
764 999 1007 1059 possent,
1049 1001 1097 1044 et
1116 993 1242 1045 dum
1273 994 1519 1047 historias
1539 996 1908 1061 interpretatur
1926 1000 1979 1047 et

21 1084 24 1139 ᾖ
98 1068 369 1121 conciliare
386 1073 632 1129 conatur,
676 1068 888 1134 phrases
907 1077 957 1121 et
976 1070 1159 1121 modos
1181 1070 1429 1136 loquendi
1449 1079 1498 1123 et
1515 1072 1775 1125 orationes
1795 1072 1979 1139 dispo-

21 1140 23 1151 '
100 1144 253 1197 nendi
282 1150 337 1197 et
366 1145 671 1199 contexendi
697 1145 827 1197 adeo
854 1148 1035 1199 stricte
1062 1146 1326 1207 observet,
1365 1155 1522 1212 atque
1550 1148 1620 1197 ita
1639 1148 1880 1213 explicet,
1919 1156 1979 1199 nt

21 1214 23 1229 '
96 1235 180 1272 eos
198 1221 497 1275 secundum
517 1236 667 1275 suam
684 1223 1079 1289 explicationem
1098 1226 1152 1276 in
1168 1223 1446 1275 scribendo
1463 1224 1656 1274 imitari
1675 1224 1827 1274 etiam
1848 1240 1978 1291 pos-

97 1300 261 1352 simus
272 1298 329 1367 *)
344 1318 359 1349 ε
398 1298 543 1364 quod
560 1300 603 1351 si
625 1302 961 1365 praestiterit,
986 1316 1171 1352 manus
1195 1302 1296 1365 ipsi
1315 1301 1488 1351 statim
1511 1299 1648 1351 dabo
1669 1307 1720 1349 et
1736 1302 1834 1350 erit
1851 1302 1979 1352 mibi

97 1389 311 1440 magnus
330 1374 545 1443 Apollo.
619 1375 705 1428 31.
743 1379 874 1429 Nam
897 1378 1084 1439 fateor,
1125 1376 1476 1443 quamvisdiu
1493 1377 1852 1442 quaesiverim,
1895 1392 1978 1429 me

96 1451 219 1503 nibil
242 1460 419 1507 tamen
439 1466 671 1517 unquam
691 1455 865 1507 simile
884 1455 1115 1506 invenire
1134 1455 1392 1521 potuisse.
1429 1454 1572 1515 Quin
1593 1452 1726 1504 addo
1745 1466 1828 1504 me
1849 1453 1981 1504 nibil

98 1528 173 1581 bic
198 1529 462 1593 scribere,
504 1529 645 1593 qued
678 1546 783 1583 non
816 1532 1015 1583 dudum
1048 1538 1099 1582 et
1128 1530 1220 1581 diu
1251 1530 1558 1581 meditatum
1587 1528 1889 1592 habuerim,
1931 1538 1984 1581 et

21 1620 23 1659 fl
96 1620 393 1672 quanquam
422 1621 451 1659 a
484 1606 706 1673 pueritia
734 1606 1071 1676 opinionibus
1099 1607 1163 1659 de
1191 1608 1458 1674 Scriptura
1489 1606 1858 1659 communibus
1877 1609 1980 1659 im-

96 1681 253 1738 butus
270 1682 483 1746 fuerim,
524 1696 629 1735 non
650 1689 823 1738 tamen
844 1686 990 1753 potui
1009 1682 1220 1738 tandem
1239 1684 1367 1738 baec
1386 1699 1490 1739 non
1511 1684 1802 1738 admittere.
1875 1684 1980 1737 Sed
2075 1678 2080 1682 ’

97 1775 195 1812 non
216 1767 327 1820 est,
362 1775 459 1814 our
479 1764 617 1814 circa
634 1761 761 1814 haee
778 1763 1022 1818 lectorem
1044 1763 1135 1814 diu
1154 1763 1418 1814 detineam
1437 1771 1488 1814 et
1505 1763 1571 1814 ad
1591 1778 1701 1814 rem
1730 1763 1981 1828 despera-

96 1845 193 1888 tam
223 1851 531 1904 provocem3
570 1853 704 1906 opus
730 1847 901 1892 tamen
931 1841 1026 1892 fuit
1054 1855 1161 1892 rem
1191 1841 1359 1907 ipsam
1381 1854 1696 1906 proponere,
1737 1847 1794 1892 ut
1813 1855 1980 1892 meam

94 1924 321 1966 mentem
354 1915 547 1966 clarius
576 1916 901 1983 explicarem.
977 1919 1065 1970 32.
1102 1916 1188 1970 Ad
1221 1916 1420 1982 reliqua
1449 1918 1636 1982 igitur,
1673 1932 1806 1984 quae
1841 1919 1980 1970 circa

21 2031 23 2034 ,
96 1991 357 2044 fortunam
388 1991 575 2044 horum
604 1991 855 2045 librorum
886 1993 1111 2046 notanda
1150 1995 1387 2060 suscepi,
1426 2009 1602 2059 pergo.
1675 1996 1806 2046 Nam
1845 1996 1984 2046 venit

95 2074 295 2132 praeter
321 2083 415 2129 ea,
455 2082 587 2134 quae
618 2069 771 2121 modo
800 2070 1153 2133 ostendimuS,
1189 2069 1500 2133 notandum,
1539 2071 1683 2136 quod
1711 2070 1902 2123 bilibri
1921 2085 1981 2122 ea

96 2143 365 2210 diligentia
384 2159 415 2196 a
434 2147 657 2212 posteris
675 2150 862 2199 servati
886 2162 989 2198 non
1010 2148 1224 2209 fuerint,
1247 2153 1306 2198 ut
1323 2147 1498 2200 nullae
1517 2148 1738 2200 mendae
1757 2150 1981 2214 irrepse—

21 2269 23 2296 ἰ
94 2222 218 2281 rint;
258 2221 443 2287 plures
470 2223 613 2272 enim
641 2221 833 2276 dubias
868 2224 1117 2275 lectiones
1154 2223 1625 2277 animadverterunt
1661 2225 1978 2291 antiquiores

21 2303 24 2348 l
93 2298 317 2358 scribae·,
338 2305 391 2349 et
410 2305 668 2365 praeterea
692 2300 890 2365 aliquot
909 2301 1019 2352 loca
1040 2308 1290 2364 truncata,
1317 2309 1609 2353 nontamen
1630 2303 1820 2353 omnia.
1893 2301 1976 2350 An

94 2383 263 2428 autem
294 2374 519 2427 mendae
552 2375 681 2427 tales
713 2385 862 2428 notae
894 2379 1027 2441 sint,
1068 2385 1126 2430 ut
1154 2378 1332 2430 lectori
1359 2394 1598 2444 magnam
1631 2393 1826 2430 moram
1855 2378 1978 2430 inii-

92 2453 257 2514 ciant,
302 2451 367 2503 de
395 2466 457 2504 eo
486 2455 589 2503 iam
618 2468 721 2504 non
752 2453 988 2520 disputo;
1028 2454 1180 2506 credo
1201 2463 1372 2506 tamen
1395 2471 1482 2507 eas
1499 2455 1706 2506 levioris
1727 2469 1844 2506 esse
1863 2469 1979 2506 mo-

21 2567 23 2580 .
94 2531 279 2594 menti,
322 2529 393 2580 iis
418 2529 605 2582 saltem
632 2533 723 2596 qui
740 2532 1037 2598 Scripturas
1064 2531 1310 2583 liberiore
1339 2533 1538 2584 iudicio
1563 2533 1770 2597 legunt,
1809 2539 1860 2585 et
1879 2533 1977 2584 boc

21 2599 23 2626 ³
93 2614 228 2658 certo
246 2605 503 2658 affirmare
524 2621 761 2674 possum,
800 2623 885 2658 me
904 2607 1100 2660 nullam
1120 2609 1548 2661 animadvertisse
1569 2608 1811 2660 mendam
1826 2648 1841 2672 ,
1879 2623 1978 2662 nec

21 2719 23 2726 ζ
94 2683 373 2736 lectionum
392 2685 688 2735 varietatem
710 2686 847 2736 circa
869 2685 1079 2736 moralia
1100 2685 1431 2748 documenta,
1466 2699 1600 2750 quae
1621 2686 1734 2752 ipsa
1755 2685 1977 2739 obscura

21 2795 23 2824 ς
93 2768 175 2812 aut
196 2759 363 2814 dubia
383 2759 597 2812 reddere
618 2769 817 2828 posset.
890 2761 971 2814 33.
990 2761 1062 2814 At
1081 2763 1320 2830 plerique
1342 2764 1510 2813 necin
1531 2762 1746 2828 reliquis
1764 2763 1977 2830 aliquod

92 2837 269 2890 vitium
292 2837 546 2890 incidisse
565 2836 875 2901 concedunt,
896 2837 989 2890 sed
1009 2845 1264 2903 statuunt,
1283 2841 1454 2892 Deum
1474 2840 1725 2906 singulari
1745 2841 1978 2908 quadam

94 2913 417 2981 providentia
469 2915 645 2966 omnia
696 2913 868 2966 Biblia
920 2916 1218 2984 incorrupta
1273 2931 1502 2970 servasse
1522 2931 1536 2979 3
1591 2917 1759 2972 varias
1804 2925 1982 2978 autem,

192 3085 230 3136 ⁹)
267 3081 397 3130 Alias
416 3081 683 3142 Scripturas
700 3083 843 3133 verba
862 3085 1099 3142 corrigunt
1116 3086 1272 3144 potius
1287 3117 1300 3142 ,
1321 3097 1462 3146 quam
1482 3087 1729 3208 Explicant.
1784 3082 1877 3140 ⁸1⁸

1451 3158 1476 3212 1
1527 3159 1554 3188 ’lt
