2350 3475
359 84 391 145 1
400 82 483 147 82
748 85 1137 133 mc‘m‘rus
1172 82 1577 131 ‘rnssonoelco
1589 84 1835 131 -Ponrn

355 260 499 319 addit
525 266 799 319 historicus
816 304 830 327 ,
870 263 1009 331 quod
1030 264 1208 322 Moses
1227 276 1346 315 eum
1373 260 1730 316 sacerdotibus
1749 259 1983 323 tradidit,
2023 268 2076 314 et
2093 260 2243 331 quod

352 352 613 411 praeterea
632 358 721 396 eos
740 336 965 404 iusserit,
988 349 1048 393 nt
1069 342 1240 409 ipsum
1261 348 1400 393 certo
1417 347 1644 407 tempore
1663 340 1803 391 omni
1825 338 2018 405 populo
2037 340 2244 406 praele-

353 421 627 488 gerent1)=
666 419 805 486 quod
826 418 1076 480 ostendit,
1109 418 1246 470 bunc
1264 417 1454 470 librum
1471 417 1624 484 longe
1640 416 1855 469 minoris
1875 415 2029 469 molis
2047 416 2239 480 fuisse,

354 510 512 563 quam
540 495 951 557 Pentateucbom
992 494 1414 562 quandoquidem
1441 496 1494 547 in
1521 508 1626 546 nna
1653 494 1898 546 concione
1933 494 2004 545 ita
2038 494 2242 561 perlegi

351 580 575 639 poterat,
610 580 670 624 ut
696 571 760 624 ab
790 572 1035 625 omnibus
1062 572 1446 639 intelligeretur.
1519 572 1608 627 29.
1648 572 1754 623 Nec
1779 571 1862 623 bic
1895 577 2241 638 praetereun-

352 649 508 712 dum,
548 649 687 715 quod
716 664 775 702 ex
801 648 1045 701 omnibus
1070 648 1240 713 libris,
1279 663 1413 717 quos
1431 649 1608 702 Moses
1637 649 1870 715 scripsit,
1907 648 2046 701 bunc
2065 664 2241 701 unum
2338 644 2339 709 ζ

350 727 569 779 secundi
596 727 731 793 pacti
758 733 807 778 et
836 727 1091 779 canticum
1119 724 1285 791 (quod
1314 734 1491 792 postea
1511 726 1664 777 etiam
1685 725 1920 793 scripsit,
1957 732 2018 777 ut
2032 724 2089 777 id
2107 725 2240 778 uni·
2338 788 2339 797 ἵ

349 816 531 855 versus
576 803 803 871 populus
840 803 1178 872 edisceret)¹)
1215 803 1452 870 religiose
1487 816 1690 855 servare
1728 810 1780 856 et
1817 802 2080 855 custodire
2117 802 2244 855 ius—-

350 880 495 931 serit.
566 882 696 932 Nam
726 880 847 948 quia
874 882 1043 946 primo
1071 887 1218 946 pacto
1247 894 1350 931 non
1379 880 1480 932 nisi
1505 887 1832 947 praesentes,
1871 878 1964 946 qui
2001 879 2237 943 aderant,
2338 936 2339 939 ,

349 954 686 1022 obligaverat,
724 966 776 1009 at
801 956 1031 1009 secundo
1060 970 1243 1008 omnes
1269 958 1422 1009 etism
1449 970 1629 1008 eorum
1659 963 1892 1022 posteros
1913 954 2055 1023 (vide
2075 957 2236 1009 Dent.

350 1048 463 1100 cap.
482 1036 572 1090 29.
602 1048 737 1087 vers.
758 1034 1011 1102 14.15.),
1052 1034 1167 1085 ideo
1195 1033 1351 1085 huius
1387 1032 1602 1086 secundi
1643 1034 1778 1100 pacti
1812 1031 2005 1085 librum
2044 1034 2239 1087 futuris

346 1111 574 1163 saeculis
592 1112 831 1178 religiose
850 1110 1159 1163 servandum
1181 1112 1354 1170 iussit,
1373 1118 1424 1162 et
1441 1118 1700 1177 praeterea
1719 1111 1892 1173 etlam,
1909 1117 1969 1161 ut
1987 1110 2236 1175 diximus,

348 1190 633 1251 canticum,
676 1189 816 1255 quod
845 1188 1017 1239 futura
1036 1188 1243 1239 saecula
1261 1188 1598 1254 potissimum
1616 1188 1844 1255 respicit.
1929 1186 2015 1241 30.
2051 1188 2237 1251 Quum
2338 1224 2339 1229 κ

345 1265 523 1331 itaque
550 1280 655 1317 non
684 1270 914 1327 constet,
953 1265 1138 1318 Mosen
1168 1264 1302 1317 alios
1331 1272 1530 1332 praeter
1555 1265 1654 1317 hos
1671 1264 1829 1317 libros
1846 1265 2144 1331 scripsisse,
2189 1274 2243 1317 et

344 1342 459 1407 ipse
486 1342 689 1395 nullum
720 1342 879 1394 alium
913 1350 1113 1408 praeter
1139 1341 1369 1393 libellum
1400 1340 1528 1409 legis
1555 1354 1674 1393 cum
1714 1342 1914 1393 cantico
1949 1343 2239 1409 posteritati

345 1418 584 1484 religiose
601 1418 911 1471 servandum
932 1417 1276 1482 mandaverit,
1316 1424 1368 1470 et
1398 1419 1624 1484 denique
1645 1418 1792 1485 plura
1811 1419 1864 1469 in
1885 1418 2240 1471 Pentateucho
2338 1420 2339 1423 ’

346 1503 643 1559 occurrant,
683 1510 816 1563 quse
836 1510 867 1547 a
886 1496 1039 1549 Mose
1056 1494 1212 1548 scribi
1233 1509 1338 1547 non
1357 1500 1661 1560 potuerunt,
1683 1496 1945 1561 sequitur,
1969 1497 2238 1548 neminem

346 1586 464 1623 cum
494 1572 864 1635 fundamento,
906 1572 999 1623 sed
1028 1572 1244 1625 omnino
1263 1579 1440 1623 contra
1461 1573 1707 1624 rationem
1728 1572 2006 1637 affirmare,
2043 1574 2238 1625 Mosen

345 1656 605 1700 auctorem
647 1662 763 1701 esse
800 1649 1158 1701 Pentateucbi.
1231 1649 1318 1701 31.
1353 1647 1427 1700 At
1462 1648 1544 1700 hie
1577 1649 1765 1716 aliquis
1802 1650 1974 1701 forsan
2013 1648 2236 1715 rogabit,

344 1740 472 1777 num
510 1728 689 1779 Moses
724 1731 925 1791 practer
959 1724 1085 1778 baec
1114 1741 1219 1778 non
1250 1726 1404 1778 etiam
1435 1726 1701 1794 scripserit
1724 1726 1892 1792 leges,
1932 1741 2092 1792 quum
2133 1727 2241 1795 ipsi

343 1803 573 1870 primum
606 1801 974 1873 revelarentur,
1014 1803 1113 1855 hoe
1149 1810 1258 1868 est,
1297 1817 1362 1856 an
1399 1804 1568 1870 spatio
1606 1804 1940 1869 qnadraginta
1976 1817 2242 1856 annorum

344 1879 515 1933 nullas
534 1880 727 1946 legum,
766 1893 898 1946 quas
920 1879 1131 1942 tulerat,
1168 1881 1462 1946 scripserit,
1493 1889 1694 1947 praeter
1713 1895 1908 1947 paucas
1926 1881 2068 1944 illas,
2101 1896 2240 1948 quas

286 2014 289 2018 ,
343 1957 400 2008 in
428 1957 581 2023 primi
611 1956 741 2023 pacti
771 1951 1198 2009 libro'contentas
1225 1956 1389 2011 fuisse
1418 1953 1564 2024 dixi?
1631 1958 1717 2011 32.
1758 1956 1859 2009 Sed
1886 1958 1952 2009 ad
1979 1957 2106 2011 baec
2141 1973 2237 2011 re-

346 2035 580 2100 spondeo
603 2050 616 2084 ε
670 2033 907 2101 quamvis
953 2035 1319 2100 concederem,
1374 2035 1556 2086 rationi
1601 2043 2002 2087 consentaneum
2047 2035 2235 2098 videri,
2338 2051 2339 2084 ῑ

346 2111 488 2177 quod
508 2113 689 2164 Moses
705 2126 765 2164 eo
786 2112 901 2179 ipso
918 2119 1147 2178 tempore
1164 2117 1218 2163 et
1234 2112 1346 2164 loco
1361 2152 1375 2175 ,
1416 2125 1522 2178 quo
1547 2112 1684 2178 leges
1703 2113 2084 2164 communicare
2101 2127 2240 2164 eon·

344 2189 478 2254 tigit,
516 2202 579 2240 eo
595 2191 751 2241 etiam
772 2190 980 2241 easdem
1002 2190 1284 2255 scripserit,
1325 2204 1454 2256 nego
1478 2196 1669 2252 tamen,
1710 2187 1860 2240 nobis
1879 2188 1974 2241 bac
1990 2190 2056 2241 de
2075 2203 2238 2242 causa
2338 2239 2339 2246 ,

343 2265 502 2318 licere
531 2266 628 2318 boc
657 2265 927 2319 affirmare.
1002 2267 1169 2333 Supra
1195 2267 1336 2319 enim
1355 2267 1681 2318 ostendimus
1695 2267 1776 2331 ⁸),
1817 2265 1968 2319 nobis
1991 2267 2055 2318 de
2075 2269 2236 2319 simi·
2337 2259 2339 2310 ἕ

343 2341 487 2394 libus
515 2342 643 2395 nibil
671 2357 787 2396 esse
816 2343 1178 2405 statuendum,
1219 2343 1317 2394 nisi
1349 2343 1400 2394 id
1431 2343 1570 2408 quod
1599 2358 1658 2394 ex
1687 2343 1798 2408 ipsa
1819 2343 2081 2410 Scriptura
2101 2359 2238 2397 con-

344 2426 475 2482 stat,
512 2426 605 2475 aut
634 2421 774 2486 quod
803 2435 863 2472 ex
886 2420 1015 2472 solis
1042 2421 1214 2487 ipsius
1243 2420 1596 2473 fundamentis
1617 2421 1841 2486 legitima
1861 2423 2236 2488 consequentia
2337 2429 2339 2492 ᾗ

345 2496 548 2549 elicitur
568 2535 584 2558 ,
640 2505 694 2549 at
737 2512 840 2550 non
886 2512 946 2548 ex
988 2512 1050 2549 eo
1070 2535 1086 2560 ,
1144 2497 1284 2564 quod
1334 2497 1517 2549 rationi
1561 2506 1966 2550 consentaneum
2003 2498 2234 2552 videtur.
2337 2493 2339 2536 i

345 2572 433 2629 33.
478 2572 660 2639 Adde,
710 2574 849 2640 qnod
888 2587 982 2625 nec
1014 2573 1128 2640 ipsa
1165 2575 1294 2626 ratio
1331 2588 1428 2626 nos
1465 2582 1611 2641 cogat
1644 2573 1742 2626 boc
1777 2580 2023 2627 statuere.
2095 2577 2236 2629 Nam
2338 2611 2339 2644 ξ

344 2649 521 2701 forsan
552 2658 763 2704 senatus
785 2650 950 2703 Musis
978 2650 1142 2704 edicta
1172 2651 1366 2717 populo
1393 2651 1584 2719 scripto
1614 2650 2054 2712 communicabat,
2097 2667 2236 2720 quae

345 2734 525 2793 postes
552 2727 827 2780 historiens
856 2727 1082 2794 collegit,
1114 2735 1165 2780 et
1191 2727 1430 2783 historiae
1457 2729 1586 2782 vitae
1603 2729 1771 2784 Musis
1789 2729 1968 2783 ordine
1987 2731 2245 2784 inseruit.·
2338 2739 2339 2750 ¹

342 2805 520 2871 Atque
538 2803 663 2857 baec
682 2804 748 2857 de
766 2807 995 2872 quinque
1016 2805 1159 2858 libris
1179 2806 1366 2861 nonis.

447 2931 493 2982 1)
529 2930 720 2975 Denter.
742 2942 783 2975 c.
803 2933 869 2976 31.
892 2944 933 2975 v.
954 2933 996 2976 9.
1018 2944 1124 2990 sqq.

444 2992 488 3042 2)
526 2989 717 3034 Deuter.
737 3002 777 3035 c.
798 2992 864 3033 82.
884 3004 924 3035 v.
946 2993 1013 3034 44.
1033 3003 1139 3049 sqq.

444 3051 489 3102 3)
523 3047 623 3094 vid.
643 3061 747 3107 esp.
766 3053 808 3093 8.
829 3053 870 3106 ς.
892 3052 932 3094 t.
951 3062 1055 3108 sqq.
