2350 3475
71 56 74 197 ξ
866 86 1005 132 car».
1056 84 1166 131 xv.
1823 100 1962 160 ‚¹97

71 280 389 365 pitonibus,
430 282 523 333 sed
552 282 795 334 tubarum
824 281 1073 347 strepitu,
1113 280 1306 332 tonitru
1332 286 1384 332 et
1411 278 1720 333 fulminibus
1748 281 1958 349 cosdem

71 358 289 427 adorsus
313 346 417 410 est.
492 358 627 410 vide
646 358 805 410 Exodi
828 373 940 427 cap.
965 356 1051 409 2⁰.
1073 372 1208 409 vers·
1229 359 1315 410 20.
1579 420 1590 427 .

162 436 253 487 37.
319 436 577 502 Superest
614 437 713 487 iam
728 475 743 499 ‚
794 444 852 489 ut
888 437 1095 487 tandem
1134 432 1432 497 ostendam,
1486 434 1815 501 intest-fidem
1848 438 1959 487 sive

71 512 401 578 theologiam
432 518 489 563 et
507 514 901 581 philosophiam
926 512 1129 564 nullum
1156 526 1267 562 csse
1295 513 1663 563 commercium
1695 512 1958 569 nullamve

72 590 413 654 affinitatem,
455 591 596 657 quod
624 592 725 641 iam
756 604 907 641 nemo
934 597 1103 657 potest
1131 591 1393 655 ignorare,
1427 590 1517 656 qui
1537 588 1715 641 barum
1738 589 1958 642 duarum

71 665 373 717 facultatum
393 676 445 718 et
466 682 684 733 scopum
705 674 756 719 et
776 667 1169 719 fundamentum
1193 668 1358 729 novit,
1397 680 1532 733 quae
1550 680 1674 718 saue
1694 672 1796 717 toto
1815 666 1956 719 coelo

74 740 387 810 discrepant.
464 744 550 796 38.
589 743 960 811 Philosophiae
980 744 1114 794 euim
1135 759 1324 810 scopus
1341 742 1470 795 nihil
1493 750 1591 805 est,
1615 752 1815 811 praeter
1829 744 1960 797 veri-

74 826 247 880 tatem;
272 820 428 887 fidei
446 828 619 872 autem
634 860 649 882 ‚
671 827 729 871 ut
747 820 953 873 abunde
972 821 1316 883 ostendimus,
1341 820 1466 872 nihil
1491 828 1691 887 practer
1707 820 1959 873 obedien-

74 896 183 961 tiam
203 907 259 947 et
278 898 552 964 pietatem.
576 898 795 951 'Deinde
803 898 1540 967 philosopltiaefflndamenm
1558 900 1795 950 notiones
1815 912 1962 967 com-⁴

76 986 255 1025 munes
290 984 423 1027 sunt
433 1013 451 1041 ‚
492 982 544 1026 et
568 976 680 1040 ipsa
700 990 758 1026 ex
776 976 883 1027 sola
906 983 1084 1027 natura
1104 977 1212 1043 peti
1233 975 1412 1036 debet:
1435 975 1580 1043 fidei
1595 984 1770 1027 autem
1789 976 1960 1033 histo-3

74 1050 162 1100 riae
190 1060 244 1102 et
276 1052 486 1119 lingua,
528 1059 579 1103 et
607 1066 667 1103 ex
695 1053 804 1104 sola
835 1054 1099 1121 Scriptura
1136 1060 1188 1105 et
1214 1052 1518 1105 revelatione
1547 1051 1793 1119 petenda,
1833 1056 1960 1106 utin

78 1125 179 1179 vn.
193 1142 319 1197 cap.
343 1128 692 1181 ostendimus,
766 1130 853 1182 39.
874 1129 1027 1183 Fides
1046 1132 1208 1197 igitur
1225 1144 1482 1183 summam
1503 1129 1788 1195 unicnique·
1803 1128 1960 1181 lib'euz

76 1209 217 1256 tatem
249 1207 325 1258 ad
358 1204 829 1273 philosophandum
856 1207 1118 1270 coneedit,
1158 1215 1218 1259 ut
1245 1204 1491 1274 quicquid
1522 1205 1667 1269 velit,
1709 1206 1774 1257 de
1799 1206 1958 1259 rebus

78 1280 495 1351 quibuscumque
515 1285 627 1335 sine
647 1284 836 1335 scelere
859 1286 1047 1336 sentire
1069 1286 1262 1352 possit,
1297 1291 1348 1336 et
1365 1297 1455 1335 eos
1473 1288 1672 1334 tantum
1692 1289 1960 1349 tamquam

76 1356 359 1412 haereticos
386 1368 439 1414 et
467 1360 829 1413 schismaticos
858 1362 1095 1423 damnat,
1134 1364 1226 1429 qui
1247 1362 1520 1428 opiniones
1541 1359 1726 1412 docent
1743 1359 1808 1409 ad
1828 1372 1958 1411 con-

75 1440 380 1500 minacium,
424 1437 568 1499 odia,
608 1440 962 1489 contentiones
980 1446 1032 1489 et
1051 1440 1178 1491 iram
1201 1436 1558 1497 suadendum
1597 1443 1753 1487 cteos
1781 1445 1958 1489 contra

80 1509 245 1565 fideles
277 1523 481 1566 tantum
510 1514 691 1577 habet,
733 1517 821 1580 qui
853 1516 1102 1583 iustitiam
1132 1524 1183 1568 et
1209 1516 1470 1567 caritatem
1494 1526 1586 1580 pro
1615 1512 1811 1565 viribus
1831 1518 1957 1567 s‘uae

78 1590 287 1643 rationis
311 1600 362 1643 et
381 1590 713 1643 facultatibus
737 1592 975 1645 suadent.
1034 1594 1119 1646 40.
1139 1594 1379 1660 Denique
1397 1592 1640 1658 quoniam
1659 1590 1800 1655 haec,
1825 1606 1960 1657 quae

80 1662 151 1717 hic
185 1668 549 1731 ostendimus,
606 1671 953 1738 praecipua
998 1678 1175 1733 sunt,
1233 1684 1394 1738 quae
1427 1668 1492 1720 in
1529 1667 1644 1720 hoc
1679 1674 1956 1722 tractatu

81 1743 369 1812 intendo,
402 1747 543 1810 volo,
576 1754 850 1813 antequam
881 1747 1102 1810 ulterius
1128 1763 1368 1816 pergam,
1399 1745 1642 1800 lectorem
1663 1748 1960 1800 enixissime

80 1833 242 1886 rogare
256 1864 273 1886 ‚
298 1832 360 1875 ut
376 1823 503 1876 haec
520 1825 624 1876 duo
646 1827 810 1892 capita
832 1827 1075 1877 attentius
1094 1826 1287 1892 legere,
1321 1833 1370 1876 et
1389 1827 1573 1878 iterum
1599 1834 1752 1891 atque
1771 1827 1955 1878 iterum

86 1901 391 1965 perpendere
419 1903 687 1968 dignetur;
726 1910 777 1952 et
804 1901 903 1952 sibi
926 1915 1233 1969 persuasum
1252 1900 1465 1964 habeat,
1507 1917 1602 1954 nos
1623 1917 1724 1954 non
1745 1917 1808 1955 eo
1825 1905 1958 1955 scri-

84 1976 237 2038 psisse
258 1980 437 2029 animo
452 2018 465 2041 ,
506 1986 564 2030 ut
585 1994 711 2031 nova
733 1977 1206 2042 introduceremus,
1247 1981 1337 2031 sed
1359 1987 1417 2030 ut
1435 1980 1706 2046 depravata
1734 1983 1956 2046 corrige-

88 2065 240 2106 remus
257 2095 275 2120 ,
318 2070 453 2121 quae
472 2055 683 2118 taudem
702 2055 981 2121 aliquando
1004 2051 1229 2110 correcta
1249 2056 1418 2110 videre
1441 2069 1731 2124 speramus.

89 2298 245 2395 CAP.
313 2303 460 2366 XV.
570 2303 705 2366 Nec
764 2303 1125 2388 theologiam
1188 2307 1430 2379 rationi,
1501 2325 1628 2388 nee·
1672 2305 1954 2365 rationem

110 2396 449 2478 theologiae
502 2397 796 2474 aneiltari3
844 2399 1173 2462 ostenditur
1227 2409 1288 2460 et
1338 2403 1516 2472 ratio,
1578 2418 1698 2478 qua
1747 2397 1918 2459 nobis

318 2492 390 2552 S.
433 2492 775 2574 scripturae
808 2494 1216 2555 auctoritatem
1255 2493 1703 2574 persuademus.

169 2670 273 2736 Qui
312 2669 698 2738 philosophiam
736 2686 765 2723 a
802 2670 1055 2738 theologia
1090 2685 1329 2739 separare
1356 2671 1626 2733 nesciunt,
1665 2669 1950 2737 disputant,

89 2757 191 2799 num
214 2749 483 2816 Scriptura
504 2749 722 2812 rationi,
745 2763 811 2800 au
834 2757 1008 2802 contra
1030 2751 1155 2801 ratio
1176 2751 1470 2817 Scripturac
1491 2746 1677 2800 debeat
1697 2748 1948 2811 ancillari,

92 2817 165 2874 hic
191 2833 300 2888 est,
340 2841 409 2878 an
436 2839 629 2878 sensus
658 2827 955 2894 Scripturaa
984 2829 1196 2890 rationi,
1235 2842 1299 2878 an
1335 2841 1452 2878 vero
1489 2825 1619 2878 ratio
1659 2821 1952 2892 scripturae

92 2903 443 2955 accommodari
483 2903 697 2966 debean
735 2907 889 2971 atque
926 2904 1021 2956 hoc
1056 2899 1085 2956 a
1122 2905 1386 2974 scepticis‚
1427 2903 1516 2970 qui
1555 2902 1769 2956 rationis
1799 2905 1952 2959 certi-

92 2977 297 3032 tudinem
331 2988 547 3045 negant,
585 2981 715 3033 illud
746 2989 917 3034 autem
948 2996 980 3033 a
1009 2981 1314 3048 dogmaticis
1343 2975 1682 3034 defend‘itur.·
1744 2983 1798 3037 2.
1848 2980 1950 3031 Sed

96 3058 173 3108 tam
191 3057 285 3112 hos
304 3073 465 3126 quam
485 3056 603 3111 illos
620 3065 731 3111 toto
752 3059 897 3112 coelo
915 3073 1081 3112 errare
1094 3099 1109 3126 ‚
1148 3073 1208 3113 cx
1237 3061 1341 3112 iam
1361 3059 1511 3113 dictis
1529 3065 1748 3114 constat.
1817 3057 1948 3111 Nam
