<?xml version="1.0" encoding="UTF-8"?>
<!DOCTYPE html PUBLIC "-//W3C//DTD XHTML 1.0 Transitional//EN"
    "http://www.w3.org/TR/xhtml1/DTD/xhtml1-transitional.dtd">
<html xmlns="http://www.w3.org/1999/xhtml" xml:lang="en" lang="en">
 <head>
  <title>
</title>
<meta http-equiv="Content-Type" content="text/html;charset=utf-8" />
  <meta name='ocr-system' content='tesseract 3.04.00' />
  <meta name='ocr-capabilities' content='ocr_page ocr_carea ocr_par ocr_line ocrx_word'/>
</head>
<body>
  <div class='ocr_page' id='page_1' title='image "benedictidespin03brudgoog_0121.png"; bbox 0 0 2350 3475; ppageno 0'>
   <div class='ocr_carea' id='block_1_1' title="bbox 865 158 1947 220">
    <p class='ocr_par' dir='ltr' id='par_1_1' title="bbox 865 158 1947 220">
     <span class='ocr_line' id='line_1_1' title="bbox 865 158 1947 220; baseline 0 -12"><span class='ocrx_word' id='word_1_1' title='bbox 865 162 1001 209; x_wconf 75' lang='lat' dir='ltr'><strong>car.</strong></span> <span class='ocrx_word' id='word_1_2' title='bbox 1056 162 1140 209; x_wconf 83' lang='lat' dir='ltr'><strong>v1.</strong></span> <span class='ocrx_word' id='word_1_3' title='bbox 1861 158 1947 220; x_wconf 73' lang='lat'><strong>97</strong></span> 
     </span>
    </p>
   </div>
   <div class='ocr_carea' id='block_1_2' title="bbox 78 338 1960 3188">
    <p class='ocr_par' dir='ltr' id='par_1_2' title="bbox 78 338 1960 2400">
     <span class='ocr_line' id='line_1_2' title="bbox 92 338 1950 408; baseline 0.003 -19"><span class='ocrx_word' id='word_1_4' title='bbox 92 352 351 406; x_wconf 69' lang='lat' dir='ltr'><strong>eoru-que</strong></span> <span class='ocrx_word' id='word_1_5' title='bbox 377 340 703 406; x_wconf 84' lang='lat' dir='ltr'><strong>precationes</strong></span> <span class='ocrx_word' id='word_1_6' title='bbox 730 346 953 407; x_wconf 76' lang='lat' dir='ltr'><strong>possunt</strong></span> <span class='ocrx_word' id='word_1_7' title='bbox 983 354 1099 392; x_wconf 83' lang='lat' dir='ltr'><strong>esse</strong></span> <span class='ocrx_word' id='word_1_8' title='bbox 1124 338 1329 407; x_wconf 79' lang='lat' dir='ltr'><strong>pluviae</strong></span> <span class='ocrx_word' id='word_1_9' title='bbox 1370 346 1634 408; x_wconf 85' lang='lat' dir='ltr'><strong>terraeque</strong></span> <span class='ocrx_word' id='word_1_10' title='bbox 1673 341 1950 395; x_wconf 70' lang='lat' dir='ltr'><strong>fertilitatis</strong></span> 
     </span>
     <span class='ocr_line' id='line_1_3' title="bbox 89 418 1953 485; baseline 0.003 -19"><span class='ocrx_word' id='word_1_11' title='bbox 89 430 253 478; x_wconf 82' lang='lat' dir='ltr'><strong>causa,</strong></span> <span class='ocrx_word' id='word_1_12' title='bbox 292 427 379 469; x_wconf 81' lang='lat' dir='ltr'><strong>aut</strong></span> <span class='ocrx_word' id='word_1_13' title='bbox 408 418 550 485; x_wconf 87' lang='lat' dir='ltr'><strong>quod</strong></span> <span class='ocrx_word' id='word_1_14' title='bbox 578 418 710 471; x_wconf 79' lang='lat' dir='ltr'><strong>fides</strong></span> <span class='ocrx_word' id='word_1_15' title='bbox 740 432 921 470; x_wconf 86' lang='lat' dir='ltr'><strong>coecos</strong></span> <span class='ocrx_word' id='word_1_16' title='bbox 952 432 1135 469; x_wconf 87' lang='lat' dir='ltr'><strong>sanare</strong></span> <span class='ocrx_word' id='word_1_17' title='bbox 1163 418 1357 484; x_wconf 86' lang='lat' dir='ltr'><strong>potuit,</strong></span> <span class='ocrx_word' id='word_1_18' title='bbox 1399 426 1450 469; x_wconf 86' lang='lat' dir='ltr'><strong>et</strong></span> <span class='ocrx_word' id='word_1_19' title='bbox 1477 419 1574 470; x_wconf 91' lang='lat' dir='ltr'><strong>alia</strong></span> <span class='ocrx_word' id='word_1_20' title='bbox 1592 420 1658 471; x_wconf 91' lang='lat' dir='ltr'><strong>ad</strong></span> <span class='ocrx_word' id='word_1_21' title='bbox 1679 420 1818 471; x_wconf 81' lang='lat' dir='ltr'><strong>hunc</strong></span> <span class='ocrx_word' id='word_1_22' title='bbox 1836 434 1953 471; x_wconf 90' lang='lat' dir='ltr'><strong>mo·-</strong></span> 
     </span>
     <span class='ocr_line' id='line_1_4' title="bbox 90 492 1950 565; baseline 0.003 -22"><span class='ocrx_word' id='word_1_23' title='bbox 90 493 214 557; x_wconf 79' lang='lat' dir='ltr'><strong>dum,</strong></span> <span class='ocrx_word' id='word_1_24' title='bbox 252 498 459 561; x_wconf 79' lang='lat' dir='ltr'><strong>quaein</strong></span> <span class='ocrx_word' id='word_1_25' title='bbox 479 494 657 547; x_wconf 82' lang='lat' dir='ltr'><strong>bibliis</strong></span> <span class='ocrx_word' id='word_1_26' title='bbox 678 504 966 547; x_wconf 81' lang='lat' dir='ltr'><strong>narrantur.</strong></span> <span class='ocrx_word' id='word_1_27' title='bbox 1041 494 1142 546; x_wconf 87' lang='lat' dir='ltr'><strong>Sed</strong></span> <span class='ocrx_word' id='word_1_28' title='bbox 1164 496 1229 546; x_wconf 89' lang='lat' dir='ltr'><strong>ad</strong></span> <span class='ocrx_word' id='word_1_29' title='bbox 1250 495 1373 546; x_wconf 77' lang='lat' dir='ltr'><strong>baec</strong></span> <span class='ocrx_word' id='word_1_30' title='bbox 1393 510 1476 547; x_wconf 91' lang='lat' dir='ltr'><strong>me</strong></span> <span class='ocrx_word' id='word_1_31' title='bbox 1495 492 1598 547; x_wconf 84' lang='lat' dir='ltr'><strong>iam</strong></span> <span class='ocrx_word' id='word_1_32' title='bbox 1617 498 1950 565; x_wconf 84' lang='lat' dir='ltr'><strong>respondisse</strong></span> 
     </span>
     <span class='ocr_line' id='line_1_5' title="bbox 90 571 1951 641; baseline 0.002 -19"><span class='ocrx_word' id='word_1_33' title='bbox 90 579 213 634; x_wconf 69' lang='grc' dir='ltr'><strong>1111ίο.</strong></span> <span class='ocrx_word' id='word_1_34' title='bbox 284 572 501 623; x_wconf 80' lang='lat' dir='ltr'><strong>Ostendi</strong></span> <span class='ocrx_word' id='word_1_35' title='bbox 530 572 698 636; x_wconf 89' lang='lat' dir='ltr'><strong>enim,</strong></span> <span class='ocrx_word' id='word_1_36' title='bbox 740 573 1057 640; x_wconf 86' lang='lat' dir='ltr'><strong>Scripturam</strong></span> <span class='ocrx_word' id='word_1_37' title='bbox 1088 586 1171 623; x_wconf 90' lang='lat' dir='ltr'><strong>res</strong></span> <span class='ocrx_word' id='word_1_38' title='bbox 1201 586 1307 622; x_wconf 87' lang='lat' dir='ltr'><strong>non</strong></span> <span class='ocrx_word' id='word_1_39' title='bbox 1344 571 1527 625; x_wconf 88' lang='lat' dir='ltr'><strong>docere</strong></span> <span class='ocrx_word' id='word_1_40' title='bbox 1566 588 1658 641; x_wconf 91' lang='lat' dir='ltr'><strong>per</strong></span> <span class='ocrx_word' id='word_1_41' title='bbox 1693 576 1951 641; x_wconf 84' lang='lat' dir='ltr'><strong>proximas</strong></span> 
     </span>
     <span class='ocr_line' id='line_1_6' title="bbox 88 649 1949 717; baseline 0.004 -21"><span class='ocrx_word' id='word_1_42' title='bbox 88 662 191 698; x_wconf 80' lang='lat' dir='ltr'><strong>suas</strong></span> <span class='ocrx_word' id='word_1_43' title='bbox 218 664 403 701; x_wconf 80' lang='lat' dir='ltr'><strong>causas</strong></span> <span class='ocrx_word' id='word_1_44' title='bbox 420 688 437 711; x_wconf 91' lang='lat'><strong>,</strong></span> <span class='ocrx_word' id='word_1_45' title='bbox 476 650 573 701; x_wconf 87' lang='lat' dir='ltr'><strong>sed</strong></span> <span class='ocrx_word' id='word_1_46' title='bbox 604 656 803 701; x_wconf 88' lang='lat' dir='ltr'><strong>tantum</strong></span> <span class='ocrx_word' id='word_1_47' title='bbox 832 664 915 701; x_wconf 86' lang='lat' dir='ltr'><strong>res</strong></span> <span class='ocrx_word' id='word_1_48' title='bbox 946 664 1007 701; x_wconf 89' lang='lat' dir='ltr'><strong>eo</strong></span> <span class='ocrx_word' id='word_1_49' title='bbox 1036 649 1218 700; x_wconf 87' lang='lat' dir='ltr'><strong>ordine</strong></span> <span class='ocrx_word' id='word_1_50' title='bbox 1241 650 1411 715; x_wconf 85' lang='lat' dir='ltr'><strong>iisque</strong></span> <span class='ocrx_word' id='word_1_51' title='bbox 1429 650 1706 717; x_wconf 83' lang='lat' dir='ltr'><strong>phrasibus</strong></span> <span class='ocrx_word' id='word_1_52' title='bbox 1726 654 1949 713; x_wconf 83' lang='lat' dir='ltr'><strong>narrare,</strong></span> 
     </span>
     <span class='ocr_line' id='line_1_7' title="bbox 88 725 1952 793; baseline 0.001 -16"><span class='ocrx_word' id='word_1_53' title='bbox 88 725 259 787; x_wconf 79' lang='lat' dir='ltr'><strong>quihus</strong></span> <span class='ocrx_word' id='word_1_54' title='bbox 289 728 509 778; x_wconf 84' lang='lat' dir='ltr'><strong>maxime</strong></span> <span class='ocrx_word' id='word_1_55' title='bbox 538 727 775 779; x_wconf 82' lang='lat' dir='ltr'><strong>homines</strong></span> <span class='ocrx_word' id='word_1_56' title='bbox 804 734 854 778; x_wconf 87' lang='lat' dir='ltr'><strong>et</strong></span> <span class='ocrx_word' id='word_1_57' title='bbox 881 728 1159 793; x_wconf 89' lang='lat' dir='ltr'><strong>praecipue</strong></span> <span class='ocrx_word' id='word_1_58' title='bbox 1186 726 1391 792; x_wconf 78' lang='lat' dir='ltr'><strong>piebem</strong></span> <span class='ocrx_word' id='word_1_59' title='bbox 1410 726 1475 778; x_wconf 88' lang='lat' dir='ltr'><strong>ad</strong></span> <span class='ocrx_word' id='word_1_60' title='bbox 1497 727 1816 779; x_wconf 84' lang='lat' dir='ltr'><strong>devotionem</strong></span> <span class='ocrx_word' id='word_1_61' title='bbox 1838 742 1952 779; x_wconf 88' lang='lat' dir='ltr'><strong>mo—</strong></span> 
     </span>
     <span class='ocr_line' id='line_1_8' title="bbox 88 803 1954 872; baseline 0.004 -22"><span class='ocrx_word' id='word_1_62' title='bbox 88 814 179 853; x_wconf 79' lang='lat' dir='ltr'><strong>vere</strong></span> <span class='ocrx_word' id='word_1_63' title='bbox 209 812 407 869; x_wconf 73' lang='lat' dir='ltr'><strong>potest:</strong></span> <span class='ocrx_word' id='word_1_64' title='bbox 448 811 501 854; x_wconf 77' lang='lat' dir='ltr'><strong>et</strong></span> <span class='ocrx_word' id='word_1_65' title='bbox 526 803 625 855; x_wconf 79' lang='lat' dir='ltr'><strong>hac</strong></span> <span class='ocrx_word' id='word_1_66' title='bbox 650 803 714 855; x_wconf 89' lang='lat' dir='ltr'><strong>de</strong></span> <span class='ocrx_word' id='word_1_67' title='bbox 736 818 890 855; x_wconf 87' lang='lat' dir='ltr'><strong>causa</strong></span> <span class='ocrx_word' id='word_1_68' title='bbox 911 805 974 856; x_wconf 93' lang='lat' dir='ltr'><strong>de</strong></span> <span class='ocrx_word' id='word_1_69' title='bbox 993 806 1103 855; x_wconf 82' lang='lat' dir='ltr'><strong>Deo</strong></span> <span class='ocrx_word' id='word_1_70' title='bbox 1122 811 1173 854; x_wconf 90' lang='lat' dir='ltr'><strong>et</strong></span> <span class='ocrx_word' id='word_1_71' title='bbox 1195 804 1258 856; x_wconf 88' lang='lat' dir='ltr'><strong>de</strong></span> <span class='ocrx_word' id='word_1_72' title='bbox 1278 803 1433 855; x_wconf 85' lang='lat' dir='ltr'><strong>rebus</strong></span> <span class='ocrx_word' id='word_1_73' title='bbox 1455 803 1736 857; x_wconf 83' lang='lat' dir='ltr'><strong>admodum</strong></span> <span class='ocrx_word' id='word_1_74' title='bbox 1757 807 1954 872; x_wconf 89' lang='lat' dir='ltr'><strong>impro-</strong></span> 
     </span>
     <span class='ocr_line' id='line_1_9' title="bbox 86 880 1955 947; baseline 0.001 -16"><span class='ocrx_word' id='word_1_75' title='bbox 86 881 173 943; x_wconf 71' lang='lat' dir='ltr'><strong>prie</strong></span> <span class='ocrx_word' id='word_1_76' title='bbox 188 880 446 947; x_wconf 77' lang='lat' dir='ltr'><strong>loquitur,</strong></span> <span class='ocrx_word' id='word_1_77' title='bbox 486 882 615 946; x_wconf 83' lang='lat' dir='ltr'><strong>quia</strong></span> <span class='ocrx_word' id='word_1_78' title='bbox 637 880 885 933; x_wconf 88' lang='lat' dir='ltr'><strong>nimirum</strong></span> <span class='ocrx_word' id='word_1_79' title='bbox 904 896 1010 933; x_wconf 91' lang='lat' dir='ltr'><strong>non</strong></span> <span class='ocrx_word' id='word_1_80' title='bbox 1030 883 1281 932; x_wconf 83' lang='lat' dir='ltr'><strong>rationem</strong></span> <span class='ocrx_word' id='word_1_81' title='bbox 1303 882 1622 944; x_wconf 76' lang='lat' dir='ltr'><strong>convincere,</strong></span> <span class='ocrx_word' id='word_1_82' title='bbox 1665 883 1758 935; x_wconf 86' lang='lat' dir='ltr'><strong>sed</strong></span> <span class='ocrx_word' id='word_1_83' title='bbox 1779 884 1955 935; x_wconf 82' lang='lat' dir='ltr'><strong>homi-</strong></span> 
     </span>
     <span class='ocr_line' id='line_1_10' title="bbox 86 957 1952 1026; baseline 0.003 -21"><span class='ocrx_word' id='word_1_84' title='bbox 86 969 193 1007; x_wconf 85' lang='lat' dir='ltr'><strong>num</strong></span> <span class='ocrx_word' id='word_1_85' title='bbox 240 957 574 1025; x_wconf 70' lang='lat' dir='ltr'><strong>phantasiam</strong></span> <span class='ocrx_word' id='word_1_86' title='bbox 612 966 660 1009; x_wconf 86' lang='lat' dir='ltr'><strong>et</strong></span> <span class='ocrx_word' id='word_1_87' title='bbox 694 960 1113 1025; x_wconf 71' lang='lat' dir='ltr'><strong>imaginationem</strong></span> <span class='ocrx_word' id='word_1_88' title='bbox 1150 958 1350 1011; x_wconf 82' lang='lat' dir='ltr'><strong>afficere</strong></span> <span class='ocrx_word' id='word_1_89' title='bbox 1385 967 1434 1010; x_wconf 92' lang='lat' dir='ltr'><strong>et</strong></span> <span class='ocrx_word' id='word_1_90' title='bbox 1471 973 1723 1026; x_wconf 84' lang='lat' dir='ltr'><strong>occupare</strong></span> <span class='ocrx_word' id='word_1_91' title='bbox 1759 961 1952 1012; x_wconf 79' lang='lat' dir='ltr'>studet.</span> 
     </span>
     <span class='ocr_line' id='line_1_11' title="bbox 88 1032 1955 1104; baseline 0.002 -20"><span class='ocrx_word' id='word_1_92' title='bbox 88 1032 154 1083; x_wconf 77' lang='lat'><strong>5⁰.</strong></span> <span class='ocrx_word' id='word_1_93' title='bbox 188 1036 243 1085; x_wconf 88' lang='lat' dir='ltr'><strong>Si</strong></span> <span class='ocrx_word' id='word_1_94' title='bbox 272 1036 416 1086; x_wconf 85' lang='lat' dir='ltr'><strong>enim</strong></span> <span class='ocrx_word' id='word_1_95' title='bbox 446 1035 710 1101; x_wconf 80' lang='lat' dir='ltr'><strong>Scriptura</strong></span> <span class='ocrx_word' id='word_1_96' title='bbox 737 1038 1076 1088; x_wconf 78' lang='lat' dir='ltr'><strong>vastationem</strong></span> <span class='ocrx_word' id='word_1_97' title='bbox 1105 1035 1326 1087; x_wconf 89' lang='lat' dir='ltr'><strong>alicuius</strong></span> <span class='ocrx_word' id='word_1_98' title='bbox 1365 1037 1594 1104; x_wconf 88' lang='lat' dir='ltr'><strong>imperii,</strong></span> <span class='ocrx_word' id='word_1_99' title='bbox 1633 1044 1691 1088; x_wconf 92' lang='lat' dir='ltr'><strong>ut</strong></span> <span class='ocrx_word' id='word_1_100' title='bbox 1728 1037 1955 1088; x_wconf 83' lang='lat' dir='ltr'><strong>historici</strong></span> 
     </span>
     <span class='ocr_line' id='line_1_12' title="bbox 86 1110 1956 1179; baseline 0.001 -16"><span class='ocrx_word' id='word_1_101' title='bbox 86 1110 255 1173; x_wconf 76' lang='lat' dir='ltr'><strong>politici</strong></span> <span class='ocrx_word' id='word_1_102' title='bbox 286 1114 483 1176; x_wconf 82' lang='lat' dir='ltr'><strong>soient,</strong></span> <span class='ocrx_word' id='word_1_103' title='bbox 524 1120 776 1175; x_wconf 86' lang='lat' dir='ltr'><strong>narraret,</strong></span> <span class='ocrx_word' id='word_1_104' title='bbox 816 1113 872 1164; x_wconf 82' lang='lat' dir='ltr'><strong>id</strong></span> <span class='ocrx_word' id='word_1_105' title='bbox 901 1112 1107 1179; x_wconf 77' lang='lat' dir='ltr'><strong>plebem</strong></span> <span class='ocrx_word' id='word_1_106' title='bbox 1134 1113 1264 1165; x_wconf 84' lang='lat' dir='ltr'><strong>nihii</strong></span> <span class='ocrx_word' id='word_1_107' title='bbox 1293 1120 1662 1175; x_wconf 56' lang='lat' dir='ltr'><strong>commoverem</strong></span> <span class='ocrx_word' id='word_1_108' title='bbox 1701 1120 1752 1165; x_wconf 90' lang='lat' dir='ltr'><strong>at</strong></span> <span class='ocrx_word' id='word_1_109' title='bbox 1779 1121 1956 1165; x_wconf 85' lang='lat' dir='ltr'><strong>contra</strong></span> 
     </span>
     <span class='ocr_line' id='line_1_13' title="bbox 86 1189 1956 1257; baseline 0.003 -22"><span class='ocrx_word' id='word_1_110' title='bbox 86 1189 312 1251; x_wconf 81' lang='lat' dir='ltr'><strong>maxime,</strong></span> <span class='ocrx_word' id='word_1_111' title='bbox 352 1190 401 1240; x_wconf 85' lang='lat' dir='ltr'><strong>si</strong></span> <span class='ocrx_word' id='word_1_112' title='bbox 430 1191 605 1240; x_wconf 86' lang='lat' dir='ltr'><strong>omnia</strong></span> <span class='ocrx_word' id='word_1_113' title='bbox 633 1192 833 1256; x_wconf 65' lang='lat' dir='ltr'><strong>poctice</strong></span> <span class='ocrx_word' id='word_1_114' title='bbox 860 1190 1101 1257; x_wconf 87' lang='lat' dir='ltr'><strong>depingat</strong></span> <span class='ocrx_word' id='word_1_115' title='bbox 1121 1197 1171 1242; x_wconf 89' lang='lat' dir='ltr'><strong>et</strong></span> <span class='ocrx_word' id='word_1_116' title='bbox 1191 1190 1254 1241; x_wconf 78' lang='lat' dir='ltr'><strong>ad</strong></span> <span class='ocrx_word' id='word_1_117' title='bbox 1274 1192 1445 1242; x_wconf 85' lang='lat' dir='ltr'><strong>Deum</strong></span> <span class='ocrx_word' id='word_1_118' title='bbox 1465 1191 1674 1254; x_wconf 78' lang='lat' dir='ltr'><strong>reserat,</strong></span> <span class='ocrx_word' id='word_1_119' title='bbox 1716 1191 1856 1257; x_wconf 87' lang='lat' dir='ltr'><strong>quod</strong></span> <span class='ocrx_word' id='word_1_120' title='bbox 1875 1190 1956 1241; x_wconf 77' lang='lat' dir='ltr'><strong>sa·-</strong></span> 
     </span>
     <span class='ocr_line' id='line_1_14' title="bbox 84 1266 1947 1335; baseline 0.001 -19"><span class='ocrx_word' id='word_1_121' title='bbox 84 1276 175 1316; x_wconf 72' lang='lat' dir='ltr'><strong>tere</strong></span> <span class='ocrx_word' id='word_1_122' title='bbox 194 1266 347 1318; x_wconf 77' lang='lat' dir='ltr'><strong>solet.</strong></span> <span class='ocrx_word' id='word_1_123' title='bbox 422 1268 602 1331; x_wconf 82' lang='lat' dir='ltr'><strong>Quum</strong></span> <span class='ocrx_word' id='word_1_124' title='bbox 620 1269 799 1334; x_wconf 80' lang='lat' dir='ltr'><strong>itaque</strong></span> <span class='ocrx_word' id='word_1_125' title='bbox 816 1268 1077 1335; x_wconf 81' lang='lat' dir='ltr'><strong>Scriptura</strong></span> <span class='ocrx_word' id='word_1_126' title='bbox 1098 1275 1296 1330; x_wconf 90' lang='lat' dir='ltr'><strong>narrat,</strong></span> <span class='ocrx_word' id='word_1_127' title='bbox 1340 1276 1524 1318; x_wconf 89' lang='lat' dir='ltr'><strong>terram</strong></span> <span class='ocrx_word' id='word_1_128' title='bbox 1553 1272 1762 1333; x_wconf 86' lang='lat' dir='ltr'><strong>propter</strong></span> <span class='ocrx_word' id='word_1_129' title='bbox 1781 1266 1947 1317; x_wconf 80' lang='lat' dir='ltr'><strong>homi-</strong></span> 
     </span>
     <span class='ocr_line' id='line_1_15' title="bbox 86 1342 1954 1411; baseline 0.001 -20"><span class='ocrx_word' id='word_1_130' title='bbox 86 1356 187 1393; x_wconf 80' lang='lat' dir='ltr'><strong>num</strong></span> <span class='ocrx_word' id='word_1_131' title='bbox 210 1352 427 1411; x_wconf 76' lang='lat' dir='ltr'><strong>peccata</strong></span> <span class='ocrx_word' id='word_1_132' title='bbox 458 1344 690 1397; x_wconf 86' lang='lat' dir='ltr'><strong>sterilem</strong></span> <span class='ocrx_word' id='word_1_133' title='bbox 708 1358 825 1396; x_wconf 83' lang='lat' dir='ltr'><strong>esse</strong></span> <span class='ocrx_word' id='word_1_134' title='bbox 839 1383 852 1406; x_wconf 96' lang='lat'><strong>,</strong></span> <span class='ocrx_word' id='word_1_135' title='bbox 889 1352 979 1396; x_wconf 91' lang='lat' dir='ltr'><strong>aut</strong></span> <span class='ocrx_word' id='word_1_136' title='bbox 997 1343 1137 1410; x_wconf 87' lang='lat' dir='ltr'><strong>quod</strong></span> <span class='ocrx_word' id='word_1_137' title='bbox 1156 1344 1294 1395; x_wconf 88' lang='lat' dir='ltr'><strong>coeci</strong></span> <span class='ocrx_word' id='word_1_138' title='bbox 1313 1358 1373 1395; x_wconf 83' lang='lat' dir='ltr'><strong>ex</strong></span> <span class='ocrx_word' id='word_1_139' title='bbox 1390 1342 1491 1394; x_wconf 85' lang='lat' dir='ltr'><strong>fide</strong></span> <span class='ocrx_word' id='word_1_140' title='bbox 1511 1342 1827 1394; x_wconf 87' lang='lat' dir='ltr'><strong>sanabantur</strong></span> <span class='ocrx_word' id='word_1_141' title='bbox 1841 1382 1854 1403; x_wconf 93' lang='lat'><strong>,</strong></span> <span class='ocrx_word' id='word_1_142' title='bbox 1895 1356 1954 1394; x_wconf 91' lang='lat' dir='ltr'><strong>ea</strong></span> 
     </span>
     <span class='ocr_line' id='line_1_16' title="bbox 86 1421 1956 1489; baseline -0.001 -19"><span class='ocrx_word' id='word_1_143' title='bbox 86 1434 161 1471; x_wconf 83' lang='lat' dir='ltr'><strong>nos</strong></span> <span class='ocrx_word' id='word_1_144' title='bbox 180 1436 289 1473; x_wconf 89' lang='lat' dir='ltr'><strong>non</strong></span> <span class='ocrx_word' id='word_1_145' title='bbox 308 1422 478 1486; x_wconf 77' lang='lat' dir='ltr'><strong>magis</strong></span> <span class='ocrx_word' id='word_1_146' title='bbox 501 1434 703 1473; x_wconf 81' lang='lat' dir='ltr'><strong>movere</strong></span> <span class='ocrx_word' id='word_1_147' title='bbox 720 1421 928 1484; x_wconf 86' lang='lat' dir='ltr'><strong>debent,</strong></span> <span class='ocrx_word' id='word_1_148' title='bbox 968 1436 1127 1489; x_wconf 81' lang='lat' dir='ltr'><strong>quam</strong></span> <span class='ocrx_word' id='word_1_149' title='bbox 1147 1435 1312 1487; x_wconf 88' lang='lat' dir='ltr'><strong>quum</strong></span> <span class='ocrx_word' id='word_1_150' title='bbox 1334 1428 1520 1482; x_wconf 90' lang='lat' dir='ltr'><strong>narrat,</strong></span> <span class='ocrx_word' id='word_1_151' title='bbox 1559 1421 1728 1471; x_wconf 82' lang='lat' dir='ltr'><strong>Deum</strong></span> <span class='ocrx_word' id='word_1_152' title='bbox 1748 1426 1956 1487; x_wconf 87' lang='lat' dir='ltr'><strong>propter</strong></span> 
     </span>
     <span class='ocr_line' id='line_1_17' title="bbox 84 1494 1957 1565; baseline 0.001 -19"><span class='ocrx_word' id='word_1_153' title='bbox 84 1494 333 1551; x_wconf 80' lang='lat' dir='ltr'><strong>bominum</strong></span> <span class='ocrx_word' id='word_1_154' title='bbox 366 1506 573 1565; x_wconf 87' lang='lat' dir='ltr'><strong>peccata</strong></span> <span class='ocrx_word' id='word_1_155' title='bbox 602 1500 780 1562; x_wconf 82' lang='lat' dir='ltr'><strong>irasci,</strong></span> <span class='ocrx_word' id='word_1_156' title='bbox 820 1500 1141 1560; x_wconf 87' lang='lat' dir='ltr'><strong>contristari,</strong></span> <span class='ocrx_word' id='word_1_157' title='bbox 1179 1498 1445 1564; x_wconf 87' lang='lat' dir='ltr'><strong>poenitere</strong></span> <span class='ocrx_word' id='word_1_158' title='bbox 1475 1496 1598 1547; x_wconf 86' lang='lat' dir='ltr'><strong>boni</strong></span> <span class='ocrx_word' id='word_1_159' title='bbox 1628 1497 1867 1563; x_wconf 82' lang='lat' dir='ltr'><strong>promissi</strong></span> <span class='ocrx_word' id='word_1_160' title='bbox 1905 1500 1957 1548; x_wconf 82' lang='lat' dir='ltr'><strong>et</strong></span> 
     </span>
     <span class='ocr_line' id='line_1_18' title="bbox 84 1571 1955 1641; baseline -0.001 -16"><span class='ocrx_word' id='word_1_161' title='bbox 84 1571 199 1638; x_wconf 76' lang='lat' dir='ltr'><strong>iacti,</strong></span> <span class='ocrx_word' id='word_1_162' title='bbox 242 1583 339 1627; x_wconf 81' lang='lat' dir='ltr'><strong>aut</strong></span> <span class='ocrx_word' id='word_1_163' title='bbox 366 1576 507 1641; x_wconf 83' lang='lat' dir='ltr'><strong>quod</strong></span> <span class='ocrx_word' id='word_1_164' title='bbox 537 1577 681 1627; x_wconf 76' lang='lat' dir='ltr'><strong>Deus</strong></span> <span class='ocrx_word' id='word_1_165' title='bbox 706 1590 767 1627; x_wconf 85' lang='lat' dir='ltr'><strong>ex</strong></span> <span class='ocrx_word' id='word_1_166' title='bbox 792 1590 857 1626; x_wconf 89' lang='lat' dir='ltr'><strong>eo</strong></span> <span class='ocrx_word' id='word_1_167' title='bbox 892 1575 1033 1641; x_wconf 78' lang='lat' dir='ltr'><strong>quod</strong></span> <span class='ocrx_word' id='word_1_168' title='bbox 1060 1576 1267 1641; x_wconf 86' lang='lat' dir='ltr'><strong>signum</strong></span> <span class='ocrx_word' id='word_1_169' title='bbox 1298 1575 1463 1636; x_wconf 79' lang='lat' dir='ltr'><strong>videt,</strong></span> <span class='ocrx_word' id='word_1_170' title='bbox 1503 1574 1745 1641; x_wconf 82' lang='lat' dir='ltr'><strong>promissi</strong></span> <span class='ocrx_word' id='word_1_171' title='bbox 1777 1588 1955 1625; x_wconf 83' lang='lat' dir='ltr'><strong>recor-—</strong></span> 
     </span>
     <span class='ocr_line' id='line_1_19' title="bbox 84 1649 1957 1720; baseline 0.001 -19"><span class='ocrx_word' id='word_1_172' title='bbox 84 1649 237 1715; x_wconf 83' lang='lat' dir='ltr'><strong>detur,</strong></span> <span class='ocrx_word' id='word_1_173' title='bbox 282 1659 336 1703; x_wconf 85' lang='lat' dir='ltr'><strong>et</strong></span> <span class='ocrx_word' id='word_1_174' title='bbox 354 1652 454 1703; x_wconf 89' lang='lat' dir='ltr'><strong>alia</strong></span> <span class='ocrx_word' id='word_1_175' title='bbox 474 1652 817 1720; x_wconf 80' lang='lat' dir='ltr'><strong>perplurima,</strong></span> <span class='ocrx_word' id='word_1_176' title='bbox 860 1666 991 1719; x_wconf 83' lang='lat' dir='ltr'><strong>quae</strong></span> <span class='ocrx_word' id='word_1_177' title='bbox 1011 1653 1088 1704; x_wconf 81' lang='lat' dir='ltr'><strong>vei</strong></span> <span class='ocrx_word' id='word_1_178' title='bbox 1108 1653 1306 1719; x_wconf 70' lang='lat' dir='ltr'><strong>poetice</strong></span> <span class='ocrx_word' id='word_1_179' title='bbox 1325 1651 1459 1703; x_wconf 88' lang='lat' dir='ltr'><strong>dicta</strong></span> <span class='ocrx_word' id='word_1_180' title='bbox 1479 1658 1626 1714; x_wconf 85' lang='lat' dir='ltr'><strong>sunt,</strong></span> <span class='ocrx_word' id='word_1_181' title='bbox 1665 1651 1744 1704; x_wconf 80' lang='lat' dir='ltr'><strong>vel</strong></span> <span class='ocrx_word' id='word_1_182' title='bbox 1764 1665 1957 1703; x_wconf 88' lang='lat' dir='ltr'><strong>secun-</strong></span> 
     </span>
     <span class='ocr_line' id='line_1_20' title="bbox 82 1726 1957 1798; baseline 0.002 -19"><span class='ocrx_word' id='word_1_183' title='bbox 82 1726 185 1781; x_wconf 81' lang='lat' dir='ltr'><strong>dum</strong></span> <span class='ocrx_word' id='word_1_184' title='bbox 204 1731 485 1798; x_wconf 86' lang='lat' dir='ltr'><strong>scriptoris</strong></span> <span class='ocrx_word' id='word_1_185' title='bbox 502 1730 776 1797; x_wconf 83' lang='lat' dir='ltr'><strong>opiniones</strong></span> <span class='ocrx_word' id='word_1_186' title='bbox 796 1735 848 1783; x_wconf 85' lang='lat' dir='ltr'><strong>et</strong></span> <span class='ocrx_word' id='word_1_187' title='bbox 864 1730 1179 1798; x_wconf 88' lang='lat' dir='ltr'><strong>praeiudicia</strong></span> <span class='ocrx_word' id='word_1_188' title='bbox 1199 1730 1376 1782; x_wconf 85' lang='lat' dir='ltr'><strong>relata.</strong></span> <span class='ocrx_word' id='word_1_189' title='bbox 1451 1731 1536 1784; x_wconf 81' lang='lat'><strong>51.</strong></span> <span class='ocrx_word' id='word_1_190' title='bbox 1569 1731 1740 1794; x_wconf 86' lang='lat' dir='ltr'><strong>Quare</strong></span> <span class='ocrx_word' id='word_1_191' title='bbox 1760 1728 1843 1781; x_wconf 82' lang='lat' dir='ltr'><strong>hic</strong></span> <span class='ocrx_word' id='word_1_192' title='bbox 1861 1728 1957 1782; x_wconf 78' lang='lat' dir='ltr'><strong>ab·</strong></span> 
     </span>
     <span class='ocr_line' id='line_1_21' title="bbox 82 1807 1960 1876; baseline 0.002 -22"><span class='ocrx_word' id='word_1_193' title='bbox 82 1807 229 1860; x_wconf 78' lang='lat' dir='ltr'><strong>solute</strong></span> <span class='ocrx_word' id='word_1_194' title='bbox 271 1807 664 1868; x_wconf 80' lang='lat' dir='ltr'><strong>concludimus,</strong></span> <span class='ocrx_word' id='word_1_195' title='bbox 715 1809 889 1860; x_wconf 86' lang='lat' dir='ltr'><strong>omnia</strong></span> <span class='ocrx_word' id='word_1_196' title='bbox 934 1823 1068 1874; x_wconf 83' lang='lat' dir='ltr'><strong>quae</strong></span> <span class='ocrx_word' id='word_1_197' title='bbox 1114 1809 1167 1858; x_wconf 91' lang='lat' dir='ltr'><strong>in</strong></span> <span class='ocrx_word' id='word_1_198' title='bbox 1216 1809 1480 1876; x_wconf 88' lang='lat' dir='ltr'><strong>Scriptura</strong></span> <span class='ocrx_word' id='word_1_199' title='bbox 1527 1822 1643 1861; x_wconf 81' lang='lat' dir='ltr'><strong>vere</strong></span> <span class='ocrx_word' id='word_1_200' title='bbox 1689 1816 1960 1860; x_wconf 87' lang='lat' dir='ltr'><strong>narrantur</strong></span> 
     </span>
     <span class='ocr_line' id='line_1_22' title="bbox 80 1884 1954 1952; baseline 0.002 -21"><span class='ocrx_word' id='word_1_201' title='bbox 80 1887 345 1952; x_wconf 69' lang='lat' dir='ltr'><strong>contigisse</strong></span> <span class='ocrx_word' id='word_1_202' title='bbox 360 1923 375 1948; x_wconf 95' lang='lat'><strong>,</strong></span> <span class='ocrx_word' id='word_1_203' title='bbox 414 1898 472 1937; x_wconf 89' lang='lat' dir='ltr'><strong>ea</strong></span> <span class='ocrx_word' id='word_1_204' title='bbox 492 1884 785 1936; x_wconf 84' lang='lat' dir='ltr'><strong>secundum</strong></span> <span class='ocrx_word' id='word_1_205' title='bbox 806 1885 947 1952; x_wconf 80' lang='lat' dir='ltr'><strong>leges</strong></span> <span class='ocrx_word' id='word_1_206' title='bbox 966 1891 1182 1936; x_wconf 85' lang='lat' dir='ltr'><strong>naturae</strong></span> <span class='ocrx_word' id='word_1_207' title='bbox 1199 1892 1258 1936; x_wconf 90' lang='lat' dir='ltr'><strong>ut</strong></span> <span class='ocrx_word' id='word_1_208' title='bbox 1277 1887 1448 1936; x_wconf 89' lang='lat' dir='ltr'><strong>omnia</strong></span> <span class='ocrx_word' id='word_1_209' title='bbox 1469 1885 1762 1937; x_wconf 88' lang='lat' dir='ltr'><strong>necessario</strong></span> <span class='ocrx_word' id='word_1_210' title='bbox 1781 1886 1954 1937; x_wconf 90' lang='lat' dir='ltr'><strong>conti-</strong></span> 
     </span>
     <span class='ocr_line' id='line_1_23' title="bbox 80 1961 1951 2031; baseline -0.001 -18"><span class='ocrx_word' id='word_1_211' title='bbox 80 1961 225 2024; x_wconf 69' lang='lat' dir='ltr'><strong>sisse:</strong></span> <span class='ocrx_word' id='word_1_212' title='bbox 268 1969 321 2014; x_wconf 87' lang='lat' dir='ltr'><strong>et</strong></span> <span class='ocrx_word' id='word_1_213' title='bbox 348 1963 397 2013; x_wconf 88' lang='lat' dir='ltr'><strong>si</strong></span> <span class='ocrx_word' id='word_1_214' title='bbox 424 1962 552 2029; x_wconf 88' lang='lat' dir='ltr'><strong>qnid</strong></span> <span class='ocrx_word' id='word_1_215' title='bbox 583 1964 888 2028; x_wconf 81' lang='lat' dir='ltr'><strong>reperiatur,</strong></span> <span class='ocrx_word' id='word_1_216' title='bbox 928 1963 1068 2028; x_wconf 86' lang='lat' dir='ltr'><strong>quod</strong></span> <span class='ocrx_word' id='word_1_217' title='bbox 1101 1962 1386 2030; x_wconf 83' lang='lat' dir='ltr'><strong>apodictice</strong></span> <span class='ocrx_word' id='word_1_218' title='bbox 1404 1962 1744 2014; x_wconf 89' lang='lat' dir='ltr'><strong>demonstrari</strong></span> <span class='ocrx_word' id='word_1_219' title='bbox 1766 1969 1951 2031; x_wconf 88' lang='lat' dir='ltr'><strong>potest,</strong></span> 
     </span>
     <span class='ocr_line' id='line_1_24' title="bbox 80 2035 1952 2106; baseline 0.002 -20"><span class='ocrx_word' id='word_1_220' title='bbox 80 2035 275 2104; x_wconf 84' lang='lat' dir='ltr'><strong>iegibus</strong></span> <span class='ocrx_word' id='word_1_221' title='bbox 308 2046 527 2091; x_wconf 87' lang='lat' dir='ltr'><strong>naturae</strong></span> <span class='ocrx_word' id='word_1_222' title='bbox 564 2052 877 2106; x_wconf 87' lang='lat' dir='ltr'><strong>repugnare,</strong></span> <span class='ocrx_word' id='word_1_223' title='bbox 935 2045 1025 2090; x_wconf 85' lang='lat' dir='ltr'><strong>aut</strong></span> <span class='ocrx_word' id='word_1_224' title='bbox 1060 2053 1121 2090; x_wconf 85' lang='lat' dir='ltr'><strong>ex</strong></span> <span class='ocrx_word' id='word_1_225' title='bbox 1153 2039 1220 2089; x_wconf 89' lang='lat' dir='ltr'><strong>iis</strong></span> <span class='ocrx_word' id='word_1_226' title='bbox 1255 2041 1506 2105; x_wconf 81' lang='lat' dir='ltr'><strong>consequi</strong></span> <span class='ocrx_word' id='word_1_227' title='bbox 1551 2054 1654 2090; x_wconf 91' lang='lat' dir='ltr'><strong>non</strong></span> <span class='ocrx_word' id='word_1_228' title='bbox 1700 2041 1952 2105; x_wconf 85' lang='lat' dir='ltr'><strong>potuisse,</strong></span> 
     </span>
     <span class='ocr_line' id='line_1_25' title="bbox 80 2115 1956 2182; baseline -0.001 -17"><span class='ocrx_word' id='word_1_229' title='bbox 80 2115 210 2178; x_wconf 77' lang='lat' dir='ltr'><strong>piane</strong></span> <span class='ocrx_word' id='word_1_230' title='bbox 232 2115 575 2177; x_wconf 82' lang='lat' dir='ltr'><strong>credendum,</strong></span> <span class='ocrx_word' id='word_1_231' title='bbox 615 2116 670 2167; x_wconf 93' lang='lat' dir='ltr'><strong>id</strong></span> <span class='ocrx_word' id='word_1_232' title='bbox 688 2131 717 2167; x_wconf 91' lang='lat' dir='ltr'><strong>a</strong></span> <span class='ocrx_word' id='word_1_233' title='bbox 736 2116 999 2182; x_wconf 83' lang='lat' dir='ltr'><strong>sacrilegis</strong></span> <span class='ocrx_word' id='word_1_234' title='bbox 1017 2116 1319 2168; x_wconf 85' lang='lat' dir='ltr'><strong>hominibus</strong></span> <span class='ocrx_word' id='word_1_235' title='bbox 1340 2118 1502 2168; x_wconf 86' lang='lat' dir='ltr'><strong>sacris</strong></span> <span class='ocrx_word' id='word_1_236' title='bbox 1521 2115 1683 2168; x_wconf 84' lang='lat' dir='ltr'><strong>literis</strong></span> <span class='ocrx_word' id='word_1_237' title='bbox 1702 2116 1956 2168; x_wconf 89' lang='lat' dir='ltr'><strong>adiectum</strong></span> 
     </span>
     <span class='ocr_line' id='line_1_26' title="bbox 80 2191 1956 2260; baseline 0 -20"><span class='ocrx_word' id='word_1_238' title='bbox 80 2191 249 2246; x_wconf 81' lang='lat' dir='ltr'><strong>luisse.</strong></span> <span class='ocrx_word' id='word_1_239' title='bbox 324 2193 591 2260; x_wconf 82' lang='lat' dir='ltr'><strong>Quicquid</strong></span> <span class='ocrx_word' id='word_1_240' title='bbox 621 2195 758 2244; x_wconf 85' lang='lat' dir='ltr'><strong>enim</strong></span> <span class='ocrx_word' id='word_1_241' title='bbox 788 2201 961 2244; x_wconf 86' lang='lat' dir='ltr'><strong>contra</strong></span> <span class='ocrx_word' id='word_1_242' title='bbox 992 2199 1229 2244; x_wconf 85' lang='lat' dir='ltr'><strong>naturam</strong></span> <span class='ocrx_word' id='word_1_243' title='bbox 1265 2199 1369 2254; x_wconf 88' lang='lat' dir='ltr'><strong>est,</strong></span> <span class='ocrx_word' id='word_1_244' title='bbox 1408 2195 1462 2245; x_wconf 90' lang='lat' dir='ltr'><strong>id</strong></span> <span class='ocrx_word' id='word_1_245' title='bbox 1498 2200 1670 2246; x_wconf 89' lang='lat' dir='ltr'><strong>contra</strong></span> <span class='ocrx_word' id='word_1_246' title='bbox 1707 2193 1956 2243; x_wconf 86' lang='lat' dir='ltr'><strong>rationem</strong></span> 
     </span>
     <span class='ocr_line' id='line_1_27' title="bbox 78 2267 1956 2338; baseline -0.001 -20"><span class='ocrx_word' id='word_1_247' title='bbox 78 2278 162 2332; x_wconf 76' lang='lat' dir='ltr'><strong>est,</strong></span> <span class='ocrx_word' id='word_1_248' title='bbox 206 2277 265 2322; x_wconf 82' lang='lat' dir='ltr'><strong>et</strong></span> <span class='ocrx_word' id='word_1_249' title='bbox 282 2271 429 2338; x_wconf 80' lang='lat' dir='ltr'><strong>quod</strong></span> <span class='ocrx_word' id='word_1_250' title='bbox 448 2277 625 2322; x_wconf 84' lang='lat' dir='ltr'><strong>contra</strong></span> <span class='ocrx_word' id='word_1_251' title='bbox 644 2272 893 2322; x_wconf 84' lang='lat' dir='ltr'><strong>rationem</strong></span> <span class='ocrx_word' id='word_1_252' title='bbox 906 2310 921 2333; x_wconf 89' lang='lat'><strong>,</strong></span> <span class='ocrx_word' id='word_1_253' title='bbox 962 2270 1015 2322; x_wconf 88' lang='lat' dir='ltr'><strong>id</strong></span> <span class='ocrx_word' id='word_1_254' title='bbox 1035 2269 1322 2321; x_wconf 84' lang='lat' dir='ltr'><strong>absurdum</strong></span> <span class='ocrx_word' id='word_1_255' title='bbox 1343 2278 1451 2334; x_wconf 87' lang='lat' dir='ltr'><strong>est,</strong></span> <span class='ocrx_word' id='word_1_256' title='bbox 1493 2285 1552 2322; x_wconf 92' lang='lat' dir='ltr'><strong>ac</strong></span> <span class='ocrx_word' id='word_1_257' title='bbox 1568 2268 1782 2338; x_wconf 85' lang='lat' dir='ltr'><strong>proinde</strong></span> <span class='ocrx_word' id='word_1_258' title='bbox 1801 2267 1956 2319; x_wconf 88' lang='lat' dir='ltr'><strong>etiam</strong></span> 
     </span>
     <span class='ocr_line' id='line_1_28' title="bbox 78 2348 1942 2400; baseline 0.001 -4"><span class='ocrx_word' id='word_1_259' title='bbox 78 2348 423 2400; x_wconf 79' lang='lat' dir='ltr'><strong>refutandum.</strong></span> <span class='ocrx_word' id='word_1_260' title='bbox 1937 2355 1942 2360; x_wconf 86' lang='grc'>·</span> 
     </span>
    </p>

    <p class='ocr_par' dir='ltr' id='par_1_3' title="bbox 80 2419 1960 3188">
     <span class='ocr_line' id='line_1_29' title="bbox 193 2419 1956 2492; baseline -0.006 -13"><span class='ocrx_word' id='word_1_261' title='bbox 193 2428 293 2482; x_wconf 70' lang='lat'><strong>52.</strong></span> <span class='ocrx_word' id='word_1_262' title='bbox 332 2427 587 2492; x_wconf 86' lang='lat' dir='ltr'><strong>Superest</strong></span> <span class='ocrx_word' id='word_1_263' title='bbox 612 2425 741 2488; x_wconf 90' lang='lat' dir='ltr'><strong>iam,</strong></span> <span class='ocrx_word' id='word_1_264' title='bbox 785 2431 982 2478; x_wconf 82' lang='lat' dir='ltr'><strong>tantum</strong></span> <span class='ocrx_word' id='word_1_265' title='bbox 1012 2439 1176 2491; x_wconf 86' lang='lat' dir='ltr'><strong>pauca</strong></span> <span class='ocrx_word' id='word_1_266' title='bbox 1206 2423 1374 2476; x_wconf 82' lang='lat' dir='ltr'><strong>adhuc</strong></span> <span class='ocrx_word' id='word_1_267' title='bbox 1407 2425 1470 2476; x_wconf 88' lang='lat' dir='ltr'><strong>de</strong></span> <span class='ocrx_word' id='word_1_268' title='bbox 1488 2421 1850 2475; x_wconf 84' lang='lat' dir='ltr'><strong>miraculorum</strong></span> <span class='ocrx_word' id='word_1_269' title='bbox 1872 2419 1956 2468; x_wconf 89' lang='lat' dir='ltr'><strong>in-</strong></span> 
     </span>
     <span class='ocr_line' id='line_1_30' title="bbox 80 2496 1956 2570; baseline -0.003 -18"><span class='ocrx_word' id='word_1_270' title='bbox 80 2504 431 2570; x_wconf 80' lang='lat' dir='ltr'><strong>terpretatione</strong></span> <span class='ocrx_word' id='word_1_271' title='bbox 466 2509 671 2565; x_wconf 89' lang='lat' dir='ltr'><strong>notare,</strong></span> <span class='ocrx_word' id='word_1_272' title='bbox 711 2502 789 2553; x_wconf 81' lang='lat' dir='ltr'><strong>vel</strong></span> <span class='ocrx_word' id='word_1_273' title='bbox 828 2503 1003 2569; x_wconf 83' lang='lat' dir='ltr'><strong>potius</strong></span> <span class='ocrx_word' id='word_1_274' title='bbox 1040 2502 1334 2567; x_wconf 77' lang='lat' dir='ltr'><strong>recolligere</strong></span> <span class='ocrx_word' id='word_1_275' title='bbox 1373 2506 1514 2564; x_wconf 88' lang='lat' dir='ltr'><strong>(nam</strong></span> <span class='ocrx_word' id='word_1_276' title='bbox 1547 2498 1819 2567; x_wconf 86' lang='lat' dir='ltr'><strong>praecipua</strong></span> <span class='ocrx_word' id='word_1_277' title='bbox 1853 2496 1956 2546; x_wconf 80' lang='lat' dir='ltr'><strong>iam</strong></span> 
     </span>
     <span class='ocr_line' id='line_1_31' title="bbox 83 2573 1958 2647; baseline -0.001 -19"><span class='ocrx_word' id='word_1_278' title='bbox 83 2577 199 2632; x_wconf 82' lang='lat' dir='ltr'><strong>dicta</strong></span> <span class='ocrx_word' id='word_1_279' title='bbox 216 2580 380 2647; x_wconf 84' lang='lat' dir='ltr'><strong>sunt)</strong></span> <span class='ocrx_word' id='word_1_280' title='bbox 400 2587 450 2630; x_wconf 90' lang='lat' dir='ltr'><strong>et</strong></span> <span class='ocrx_word' id='word_1_281' title='bbox 466 2593 573 2630; x_wconf 89' lang='lat' dir='ltr'><strong>uno</strong></span> <span class='ocrx_word' id='word_1_282' title='bbox 592 2588 680 2630; x_wconf 87' lang='lat' dir='ltr'><strong>aut</strong></span> <span class='ocrx_word' id='word_1_283' title='bbox 698 2579 855 2630; x_wconf 84' lang='lat' dir='ltr'><strong>altero</strong></span> <span class='ocrx_word' id='word_1_284' title='bbox 876 2580 1109 2646; x_wconf 83' lang='lat' dir='ltr'><strong>exemplo</strong></span> <span class='ocrx_word' id='word_1_285' title='bbox 1126 2579 1382 2631; x_wconf 87' lang='lat' dir='ltr'><strong>iilustrare</strong></span> <span class='ocrx_word' id='word_1_286' title='bbox 1395 2618 1410 2641; x_wconf 90' lang='lat'><strong>,</strong></span> <span class='ocrx_word' id='word_1_287' title='bbox 1451 2577 1589 2643; x_wconf 90' lang='lat' dir='ltr'><strong>quod</strong></span> <span class='ocrx_word' id='word_1_288' title='bbox 1616 2573 1698 2625; x_wconf 77' lang='lat' dir='ltr'><strong>iiic</strong></span> <span class='ocrx_word' id='word_1_289' title='bbox 1729 2587 1806 2639; x_wconf 87' lang='lat' dir='ltr'><strong>qu</strong></span> <span class='ocrx_word' id='word_1_290' title='bbox 1820 2581 1958 2626; x_wconf 77' lang='lat' dir='ltr'><strong>arto</strong></span> 
     </span>
     <span class='ocr_line' id='line_1_32' title="bbox 82 2649 1957 2724; baseline -0.001 -20"><span class='ocrx_word' id='word_1_291' title='bbox 82 2655 236 2710; x_wconf 86' lang='lat' dir='ltr'><strong>iacere</strong></span> <span class='ocrx_word' id='word_1_292' title='bbox 256 2657 475 2724; x_wconf 85' lang='lat' dir='ltr'><strong>promisi</strong></span> <span class='ocrx_word' id='word_1_293' title='bbox 492 2673 505 2720; x_wconf 78' lang='lat'>3</span> <span class='ocrx_word' id='word_1_294' title='bbox 547 2656 707 2722; x_wconf 86' lang='lat' dir='ltr'><strong>idque</strong></span> <span class='ocrx_word' id='word_1_295' title='bbox 724 2664 993 2723; x_wconf 88' lang='lat' dir='ltr'><strong>propterea</strong></span> <span class='ocrx_word' id='word_1_296' title='bbox 1013 2655 1128 2708; x_wconf 79' lang='lat' dir='ltr'><strong>volo</strong></span> <span class='ocrx_word' id='word_1_297' title='bbox 1144 2696 1158 2717; x_wconf 97' lang='lat'><strong>,</strong></span> <span class='ocrx_word' id='word_1_298' title='bbox 1200 2671 1265 2707; x_wconf 92' lang='lat' dir='ltr'><strong>ne</strong></span> <span class='ocrx_word' id='word_1_299' title='bbox 1285 2657 1404 2722; x_wconf 87' lang='lat' dir='ltr'><strong>quis</strong></span> <span class='ocrx_word' id='word_1_300' title='bbox 1426 2652 1728 2705; x_wconf 86' lang='lat' dir='ltr'><strong>miraculum</strong></span> <span class='ocrx_word' id='word_1_301' title='bbox 1748 2649 1957 2717; x_wconf 83' lang='lat' dir='ltr'><strong>aliquod</strong></span> 
     </span>
     <span class='ocr_line' id='line_1_33' title="bbox 84 2729 1958 2800; baseline -0.002 -16"><span class='ocrx_word' id='word_1_302' title='bbox 84 2735 201 2787; x_wconf 83' lang='lat' dir='ltr'><strong>maie</strong></span> <span class='ocrx_word' id='word_1_303' title='bbox 243 2733 629 2800; x_wconf 83' lang='lat' dir='ltr'><strong>interpretando</strong></span> <span class='ocrx_word' id='word_1_304' title='bbox 665 2742 856 2786; x_wconf 84' lang='lat' dir='ltr'><strong>temere</strong></span> <span class='ocrx_word' id='word_1_305' title='bbox 893 2734 1215 2800; x_wconf 87' lang='lat' dir='ltr'><strong>suspicetur,</strong></span> <span class='ocrx_word' id='word_1_306' title='bbox 1273 2745 1332 2784; x_wconf 87' lang='lat' dir='ltr'><strong>se</strong></span> <span class='ocrx_word' id='word_1_307' title='bbox 1368 2730 1562 2796; x_wconf 86' lang='lat' dir='ltr'><strong>aliquid</strong></span> <span class='ocrx_word' id='word_1_308' title='bbox 1604 2730 1656 2779; x_wconf 88' lang='lat' dir='ltr'><strong>in</strong></span> <span class='ocrx_word' id='word_1_309' title='bbox 1696 2729 1958 2795; x_wconf 84' lang='lat' dir='ltr'><strong>Scriptura</strong></span> 
     </span>
     <span class='ocr_line' id='line_1_34' title="bbox 82 2805 1956 2879; baseline -0.003 -17"><span class='ocrx_word' id='word_1_310' title='bbox 82 2813 355 2879; x_wconf 72' lang='lat' dir='ltr'><strong>reperisse,</strong></span> <span class='ocrx_word' id='word_1_311' title='bbox 390 2811 535 2877; x_wconf 84' lang='lat' dir='ltr'><strong>quod</strong></span> <span class='ocrx_word' id='word_1_312' title='bbox 566 2812 753 2863; x_wconf 86' lang='lat' dir='ltr'><strong>lumini</strong></span> <span class='ocrx_word' id='word_1_313' title='bbox 788 2819 1001 2863; x_wconf 88' lang='lat' dir='ltr'><strong>naturae</strong></span> <span class='ocrx_word' id='word_1_314' title='bbox 1038 2817 1310 2877; x_wconf 82' lang='lat' dir='ltr'><strong>repugnet.</strong></span> <span class='ocrx_word' id='word_1_315' title='bbox 1383 2808 1468 2860; x_wconf 78' lang='lat'><strong>53.</strong></span> <span class='ocrx_word' id='word_1_316' title='bbox 1505 2807 1640 2858; x_wconf 81' lang='lat' dir='ltr'><strong>Raro</strong></span> <span class='ocrx_word' id='word_1_317' title='bbox 1678 2805 1956 2858; x_wconf 88' lang='lat' dir='ltr'><strong>admodum</strong></span> 
     </span>
     <span class='ocr_line' id='line_1_35' title="bbox 84 2883 1960 2955; baseline -0.003 -17"><span class='ocrx_word' id='word_1_318' title='bbox 84 2887 149 2952; x_wconf 78' lang='lat' dir='ltr'><strong>iit,</strong></span> <span class='ocrx_word' id='word_1_319' title='bbox 186 2896 253 2941; x_wconf 83' lang='lat' dir='ltr'><strong>ut</strong></span> <span class='ocrx_word' id='word_1_320' title='bbox 284 2888 529 2941; x_wconf 83' lang='lat' dir='ltr'><strong>homiues</strong></span> <span class='ocrx_word' id='word_1_321' title='bbox 570 2903 679 2940; x_wconf 88' lang='lat' dir='ltr'><strong>rem</strong></span> <span class='ocrx_word' id='word_1_322' title='bbox 710 2889 959 2955; x_wconf 85' lang='lat' dir='ltr'><strong>aliquam,</strong></span> <span class='ocrx_word' id='word_1_323' title='bbox 1000 2896 1059 2940; x_wconf 85' lang='lat' dir='ltr'><strong>ut</strong></span> <span class='ocrx_word' id='word_1_324' title='bbox 1088 2895 1230 2954; x_wconf 84' lang='lat' dir='ltr'><strong>gesta</strong></span> <span class='ocrx_word' id='word_1_325' title='bbox 1257 2891 1364 2947; x_wconf 83' lang='lat' dir='ltr'><strong>est,</strong></span> <span class='ocrx_word' id='word_1_326' title='bbox 1405 2887 1473 2936; x_wconf 88' lang='lat' dir='ltr'><strong>ita</strong></span> <span class='ocrx_word' id='word_1_327' title='bbox 1503 2883 1804 2950; x_wconf 86' lang='lat' dir='ltr'><strong>simpliciter</strong></span> <span class='ocrx_word' id='word_1_328' title='bbox 1839 2899 1960 2933; x_wconf 81' lang='lat' dir='ltr'><strong>nar-</strong></span> 
     </span>
     <span class='ocr_line' id='line_1_36' title="bbox 84 2963 1956 3029; baseline -0.005 -11"><span class='ocrx_word' id='word_1_329' title='bbox 84 2976 215 3029; x_wconf 81' lang='lat' dir='ltr'><strong>rent,</strong></span> <span class='ocrx_word' id='word_1_330' title='bbox 274 2973 338 3018; x_wconf 83' lang='lat' dir='ltr'><strong>ut</strong></span> <span class='ocrx_word' id='word_1_331' title='bbox 372 2965 621 3017; x_wconf 73' lang='lat' dir='ltr'><strong>nihil-sui</strong></span> <span class='ocrx_word' id='word_1_332' title='bbox 658 2966 840 3017; x_wconf 87' lang='lat' dir='ltr'><strong>iudicii</strong></span> <span class='ocrx_word' id='word_1_333' title='bbox 880 2965 1158 3017; x_wconf 83' lang='lat' dir='ltr'><strong>narrationi</strong></span> <span class='ocrx_word' id='word_1_334' title='bbox 1195 2964 1547 3022; x_wconf 76' lang='lat' dir='ltr'><strong>immisceant:</strong></span> <span class='ocrx_word' id='word_1_335' title='bbox 1604 2963 1736 3023; x_wconf 90' lang='lat' dir='ltr'><strong>imo,</strong></span> <span class='ocrx_word' id='word_1_336' title='bbox 1794 2974 1956 3026; x_wconf 84' lang='lat' dir='ltr'><strong>quum</strong></span> 
     </span>
     <span class='ocr_line' id='line_1_37' title="bbox 84 3036 1956 3112; baseline -0.006 -17"><span class='ocrx_word' id='word_1_337' title='bbox 84 3044 271 3112; x_wconf 78' lang='lat' dir='ltr'><strong>aliquid</strong></span> <span class='ocrx_word' id='word_1_338' title='bbox 292 3044 414 3095; x_wconf 79' lang='lat' dir='ltr'><strong>novi</strong></span> <span class='ocrx_word' id='word_1_339' title='bbox 435 3043 611 3094; x_wconf 79' lang='lat' dir='ltr'><strong>vident</strong></span> <span class='ocrx_word' id='word_1_340' title='bbox 628 3050 718 3094; x_wconf 86' lang='lat' dir='ltr'><strong>aut</strong></span> <span class='ocrx_word' id='word_1_341' title='bbox 734 3043 975 3107; x_wconf 88' lang='lat' dir='ltr'><strong>audiunt,</strong></span> <span class='ocrx_word' id='word_1_342' title='bbox 1019 3043 1121 3093; x_wconf 86' lang='lat' dir='ltr'><strong>nisi</strong></span> <span class='ocrx_word' id='word_1_343' title='bbox 1151 3041 1368 3091; x_wconf 83' lang='lat' dir='ltr'><strong>maxime</strong></span> <span class='ocrx_word' id='word_1_344' title='bbox 1387 3052 1416 3089; x_wconf 99' lang='lat' dir='ltr'><strong>a</strong></span> <span class='ocrx_word' id='word_1_345' title='bbox 1437 3041 1551 3091; x_wconf 89' lang='lat' dir='ltr'><strong>suis</strong></span> <span class='ocrx_word' id='word_1_346' title='bbox 1569 3036 1956 3105; x_wconf 85' lang='lat' dir='ltr'><strong>praeconceptis</strong></span> 
     </span>
     <span class='ocr_line' id='line_1_38' title="bbox 86 3114 1958 3188; baseline -0.005 -17"><span class='ocrx_word' id='word_1_347' title='bbox 86 3119 409 3188; x_wconf 78' lang='lat' dir='ltr'><strong>opinionibus</strong></span> <span class='ocrx_word' id='word_1_348' title='bbox 445 3127 681 3183; x_wconf 83' lang='lat' dir='ltr'><strong>caveant,</strong></span> <span class='ocrx_word' id='word_1_349' title='bbox 736 3120 802 3171; x_wconf 84' lang='lat' dir='ltr'><strong>iis</strong></span> <span class='ocrx_word' id='word_1_350' title='bbox 839 3120 1147 3185; x_wconf 87' lang='lat' dir='ltr'><strong>pierumque</strong></span> <span class='ocrx_word' id='word_1_351' title='bbox 1185 3117 1255 3168; x_wconf 85' lang='lat' dir='ltr'><strong>ita</strong></span> <span class='ocrx_word' id='word_1_352' title='bbox 1299 3114 1842 3182; x_wconf 83' lang='lat' dir='ltr'><strong>praeoccupabuntur,</strong></span> <span class='ocrx_word' id='word_1_353' title='bbox 1898 3118 1958 3162; x_wconf 84' lang='lat' dir='ltr'><strong>ut</strong></span> 
     </span>
    </p>
   </div>
   <div class='ocr_carea' id='block_1_3' title="bbox 139 3202 1530 3278">
    <p class='ocr_par' dir='ltr' id='par_1_4' title="bbox 139 3202 1530 3278">
     <span class='ocr_line' id='line_1_39' title="bbox 139 3202 1530 3278; baseline -0.004 -18"><span class='ocrx_word' id='word_1_354' title='bbox 139 3207 371 3278; x_wconf 74' lang='lat' dir='ltr'><strong>Spinosa</strong></span> <span class='ocrx_word' id='word_1_355' title='bbox 405 3206 500 3258; x_wconf 88' lang='lat' dir='ltr'><strong>m.</strong></span> <span class='ocrx_word' id='word_1_356' title='bbox 1501 3202 1530 3254; x_wconf 85' lang='lat'>7</span> 
     </span>
    </p>
   </div>
  </div>
 </body>
</html>
