2350 3475
365 143 491 205 242
768 146 1160 193 nac-rarus
1198 147 1849 196 rusonomco-Pomr.
1916 190 1921 194 .

359 339 582 392 magnae
612 325 925 378 mutationes
951 339 1241 392 magnaque
1266 325 1331 377 ad
1360 326 1533 378 omnia
1561 326 1797 390 licentia,
1835 327 1987 380 iuxus
2006 333 2055 378 et
2074 341 2273 379 socor-

365 403 478 466 dia,
517 402 710 469 quibus
729 403 902 456 omnia
923 403 978 454 in
995 401 1225 456 deterius
1244 405 1319 455 ire
1338 410 1646 471 coeperunt,
1686 403 1851 456 donec
1868 417 2027 472 saepe
2044 404 2265 456 subacti

365 481 451 532 ius
481 480 712 532 divinum
732 481 888 549 plane
909 487 1164 547 ruperunt
1184 487 1237 532 et
1253 494 1424 546 regem
1446 480 1715 533 mortalem
1733 482 2033 543 voluerunt,
2080 489 2143 532 ut
2160 483 2269 532 im-

363 558 496 625 perii
524 558 663 625 regia
689 571 794 608 non
819 557 1071 623 tempium
1089 596 1102 619 ‚
1143 559 1238 610 sed
1269 559 1386 610 aula
1406 564 1571 622 esset,
1612 565 1665 609 et
1684 565 1743 609 ut
1758 571 1943 610 omnes
1958 556 2131 608 tribus
2152 573 2267 610 non

365 635 590 702 amplius
628 634 759 685 iuris
796 633 952 685 divini
992 643 1042 686 et
1077 633 1439 702 pontificatuS,
1482 634 1575 686 sed
1604 648 1783 701 regum
1812 643 2050 701 respectu
2078 636 2271 686 conci-

267 753 274 768 .
365 727 454 763 ves
474 716 743 762 manerent
764 712 839 779 ¹).
901 711 1018 764 107.
1041 710 1112 762 At
1132 710 1252 763 hinc
1272 713 1457 778 ingena
1476 713 1691 763 materia
1712 713 1859 763 novis
1880 711 2267 771 seditionibus:

369 804 429 840 ex
452 787 652 855 quibus
678 787 832 838 etiam
861 787 1068 840 tandem
1090 789 1294 854 imperii
1329 789 1490 840 totius
1518 788 1669 840 ruina
1697 796 1918 854 sequuta
1948 795 2046 841 est.
2121 790 2263 840 Nam

366 864 495 932 quid
521 863 662 915 aliud
695 879 842 930 reges
869 866 1045 917 minus
1071 865 1203 918 ferre
1232 872 1480 932 possunt,
1520 879 1675 932 quam
1706 867 1934 932 precario
1963 879 2179 930 regnare
2216 871 2272 915 et

366 942 642 1008 imperium
664 943 718 993 in
739 943 956 1008 imperio
974 937 1118 1010 pati?
1153 942 1258 1004 Qui
1278 943 1434 1010 primi
1456 957 1515 995 ex
1533 943 1741 1010 prtvatis
1759 942 1907 995 electi
1926 949 2069 1002 sunt,
2092 941 2267 1008 gradu

369 1018 656 1084 diffinitam,
679 1018 742 1070 ad
764 1034 920 1085 quem
939 1019 1293 1084 ascenderant,
1318 1023 1545 1072 contenti
1566 1019 1792 1072 fuerunt.
1860 1019 1979 1072 108.
2017 1017 2087 1068 At
2109 1025 2271 1084 post-

369 1110 528 1163 quam
567 1095 660 1148 filii
695 1097 805 1148 iure
841 1097 1197 1149 successionis
1236 1111 1394 1163 regno
1422 1098 1569 1164 potiti
1609 1105 1761 1160 sunt,
1804 1097 1977 1148 omnia
2007 1096 2267 1162 paulatim

370 1178 569 1225 mutare
588 1180 893 1241 coeperunt,
923 1181 983 1225 ut
1001 1189 1155 1227 omne
1175 1175 1258 1224 ius
1277 1174 1482 1239 imperii
1503 1174 1601 1226 soii
1622 1181 1880 1237 tenerent,
1909 1187 2015 1238 quo
2036 1173 2269 1224 maxima

369 1265 428 1303 ex
455 1256 598 1318 parte
625 1250 893 1313 carebant,
936 1265 1090 1317 quam
1120 1251 1211 1303 diu
1239 1251 1325 1302 ius
1353 1250 1525 1317 legum
1558 1250 1622 1301 ab
1643 1250 1830 1302 iisdem
1854 1265 1957 1302 uon
1976 1249 2268 1318 pendebat,

369 1326 461 1379 sed
497 1342 526 1379 a
555 1327 826 1394 pontifico,
867 1328 957 1394 qui
987 1341 1076 1380 eas
1102 1327 1412 1379 insectatio
1438 1327 1789 1390 custodiebat,
1832 1341 2027 1394 easque
2064 1327 2273 1394 populo

368 1404 829 1472 interpretabatur3
879 1405 1111 1470 adeoque
1150 1412 1413 1472 tamquam
1452 1403 1651 1456 subditi
1688 1404 1891 1470 legibus
1928 1403 2269 1464 tenebantur,

371 1496 470 1534 nec
497 1483 610 1534 iuro
637 1497 726 1534 eas
751 1482 998 1548 abrogare
1015 1489 1278 1548 poterant,
1301 1481 1379 1533 vei
1402 1495 1561 1534 novas
1582 1482 1783 1548 aequali
1805 1483 2107 1533 auctoritate
2126 1495 2273 1532 con-

372 1560 521 1620 dere;
562 1558 750 1611 deinde
771 1560 892 1625 quia
911 1559 997 1610 ins
1013 1560 1304 1611 Levitarum
1325 1573 1470 1625 reges
1488 1573 1655 1626 aeque
1676 1571 1735 1610 ac
1754 1557 2019 1625 subditoS,
2057 1563 2117 1608 ut
2135 1571 2275 1624 pro-

373 1636 552 1702 fanos,
589 1649 732 1688 sacra
769 1636 1129 1688 administrare
1169 1635 1498 1702 prohibebam
1538 1645 1589 1688 et
1617 1635 1839 1702 denique
1874 1638 1997 1702 quia
2034 1641 2141 1686 tota
2176 1634 2275 1685 sui

373 1714 581 1780 imperii
609 1713 860 1766 securitas
889 1728 918 1765 a
946 1713 1057 1765 sola
1077 1712 1337 1765 voluntate
1357 1714 1543 1775 unius»,
1586 1714 1676 1779 qui
1700 1713 1946 1781 propheta
1966 1709 2269 1774 videbatur,

375 1788 650 1857 pendebat,
674 1790 826 1841 cuius
846 1791 920 1842 rei
938 1789 1166 1856 exempla
1186 1790 1443 1842 viderant:
1482 1792 1727 1843 nimirum
1748 1795 1940 1857 quanta
1960 1802 2079 1841 cum
2097 1786 2278 1839 liber-

377 1874 480 1917 tate
489 1866 866 1918 Samuelsauio
885 1866 1062 1917 omnia
1079 1864 1383 1933 imperabat,
1401 1874 1452 1917 et
1470 1881 1624 1933 quam
1646 1868 1793 1919 facile
1811 1881 1967 1919 unam
1988 1864 2057 1917 ob
2076 1877 2275 1916 noxam

373 1945 459 1995 ius
479 1942 726 2008 regnandi
749 1943 802 1995 in
822 1943 1070 1995 Davidem
1092 1944 1367 1995 transferre
1385 1946 1554 2010 potuit
1570 1945 1646 2008 ²).
1718 1945 1891 2009 Quare
1910 1950 1962 1993 et
1980 1942 2273 2009 imperinm

375 2021 430 2072 in
471 2022 689 2087 imperio
720 2019 979 2073 habebant
1003 2028 1054 2072 et
1083 2022 1311 2088 precario
1340 2020 1641 2087 regnabant.
1715 2021 1834 2075 109.
1872 2019 1956 2072 Ad
1986 2019 2109 2070 baec
2138 2032 2275 2083 ergo

379 2098 671 2164 superanda
709 2097 804 2149 alia
833 2098 1022 2165 templa
1053 2098 1156 2151 diis
1183 2097 1354 2150 dicare
1381 2105 1777 2160 concesserunt,
1814 2104 1873 2149 ut
1900 2097 2040 2149 nulia
2068 2096 2275 2147 Levitis

379 2175 608 2243 amplius
627 2174 934 2227 consultatio
955 2184 1117 2235 essen
1157 2174 1344 2228 deinde
1363 2176 1558 2243 plures..
1580 2176 1670 2241 qui
1691 2176 1901 2227 nomine
1917 2174 2014 2225 Dei
2037 2171 2279 2239 prophe-

379 2259 568 2315 tarent,
611 2254 1003 2317 quaesiverunt,
1043 2260 1102 2303 ut
1119 2253 1395 2320 prophetas
1416 2252 1691 2314 haberent,
1730 2266 1864 2318 quos
1881 2252 2015 2304 veris
2036 2264 2277 2316 oppone-

379 2338 493 2384 rent
505 2330 584 2399 ⁸).
662 2329 781 2382 110.
821 2329 921 2382 Sed
943 2330 1194 2396 quicquid
1214 2332 1381 2383 conati
1403 2337 1544 2393 sunt,
1566 2343 1850 2397 numquam
1873 2328 1975 2397 voti
1996 2334 2276 2393 compotes

381 2422 497 2461 esse
528 2413 827 2474 potuerunt.
899 2407 1183 2473 Prophetae
1211 2409 1347 2459 enim
1376 2408 1441 2460 ad
1473 2409 1645 2459 omnia
1665 2408 1825 2475 parati
1846 2413 2052 2472 tempus
2070 2418 2279 2471 oppor-

381 2494 567 2538 tunum
587 2484 977 2551 exspectabant,
1001 2499 1187 2551 nempe
1206 2487 1480 2553 imperium
1504 2484 1851 2546 successoris,
1875 2482 2015 2550 quod
2036 2495 2272 2548 semper,

383 2563 509 2614 dum
555 2562 803 2613 memoria
850 2560 1203 2629 praecedentis
1240 2564 1403 2631 viget,
1451 2562 1733 2628 precarium
1772 2567 1871 2613 est.
1909 2562 2075 2611 ·Tum
2114 2557 2276 2610 faciie

383 2640 684 2691 auctoritate
705 2638 872 2690 divina
893 2638 1119 2704 aliquem
1142 2654 1313 2706 regem
1334 2642 1607 2692 incensum
1628 2646 1679 2689 et
1696 2639 1881 2691 virtute
1901 2636 2094 2690 clarum
2113 2634 2273 2687 indu-

385 2730 498 2768 cere
526 2722 764 2783 poterant
788 2715 853 2767 ad
875 2717 960 2768 ius
988 2715 1217 2769 divinum
1237 2716 1630 2778 vindicandum,
1662 2722 1712 2767 et
1742 2716 2015 2784 imperium
2042 2711 2121 2764 vel
2150 2713 2275 2765 eius

383 2798 582 2862 partem
619 2793 733 2845 iure
768 2792 1166 2861 possidendum.
1241 2795 1360 2848 111.
1398 2797 1589 2849 Verum
1626 2807 1721 2845 nee
1755 2794 2031 2861 prophetae
2068 2790 2274 2847 aliquid

492 2979 534 3029 1)
563 2976 697 3022 Conf-
719 2984 740 3021 1
762 2977 887 3025 Sam·
909 2992 1011 3037 cap.
1031 2983 1074 3025 8.

489 3040 534 3087 2)
561 3036 694 3082 Coni'.
717 3042 740 3080 1
760 3039 885 3083 Sam.
906 3051 1008 3095 cap.
1031 3043 1094 3082 13.
1115 3043 1180 3084 15.
1200 3043 1266 3085 16.

491 3100 535 3152 3)
563 3096 696 3143 Coni.
719 3101 740 3143 1
760 3098 871 3155 Reg.
893 3102 961 3156 12,
979 3100 1032 3141 26
1049 3111 1154 3156 sqq.
