2350 3475
947 69 1084 114 car.
1144 32 1243 114 vr.x
1948 71 2029 130 39

127 251 381 305 creaverit
393 287 408 312 ,
439 249 658 313 eiusque
675 247 814 311 leges
834 251 884 298 et
902 246 1105 312 regulas
1124 246 1255 298 adeo
1274 246 1475 300 steriles
1492 249 1756 311 statuerit,
1795 255 1853 302 ut
1871 265 2027 319 saepe

127 331 198 382 de
223 341 361 380 novo
391 327 445 378 ei
469 325 744 378 subvenire
770 330 1008 390 cogatur,
1047 325 1093 375 si
1121 338 1236 376 eam
1264 331 1610 376 conservatam
1641 325 1749 376 vult
1775 333 1825 378 et
1852 335 1911 378 ut
1944 344 2027 380 res

129 421 195 459 ex
221 412 342 458 voto
371 397 690 455 succedant?
759 400 914 463 Quod
941 416 1068 452 sane
1095 416 1123 452 a
1151 402 1347 453 ratione
1374 402 1750 454 alienissimum
1778 419 1895 456 esse
1922 407 2029 456 exi-

129 485 313 536 stimo.
389 481 476 532 13.
513 481 589 531 Ex
605 479 688 530 his
706 479 900 543 itaque,
923 478 1064 545 quod
1085 479 1138 528 in
1159 485 1341 530 natura
1360 477 1488 529 nihil
1505 481 1773 545 contingit,
1806 481 1946 546 quod
1966 497 2026 532 ex

130 563 251 613 eius
271 557 478 626 legibus
496 571 600 608 non
619 557 856 622 sequitur
868 594 885 620 ,
909 562 960 606 et
977 554 1117 622 quod
1135 555 1251 606 eius
1268 557 1409 622 leges
1428 555 1495 607 ad
1512 557 1681 608 omnia
1697 594 1712 619 ,
1741 572 1873 622 quae
1892 566 1943 609 et
1960 557 2025 609 ab

133 642 253 704 ipso
275 637 447 688 divino
470 634 728 686 intellectu
749 634 1136 699 concipiuntur,
1158 647 1219 684 se
1239 633 1542 695 extendunt,
1574 641 1626 685 et
1644 633 1783 700 quod
1803 634 2026 702 denique

133 723 320 766 natura
349 712 506 763 lixum
533 718 688 777 atque
715 709 1092 761 immutabilem
1121 708 1355 761 ordinem
1385 717 1579 772 servat-3
1621 711 1905 763 clarissime
1940 726 2029 762 se-

135 793 335 858 quitur,
377 803 568 840 nomen
587 790 742 839 mira
755 785 883 838 culi
913 801 1014 837 non
1035 787 1136 836 nisi
1154 787 1431 853 respective
1452 786 1516 838 ad
1534 788 1802 840 homiuum
1822 789 2029 854 opinio-

133 883 231 920 nes
253 881 411 935 posse
431 865 671 930 intelligi,
713 871 764 916 et
783 862 907 914 nihil
927 862 1065 913 aliud
1087 862 1401 929 significare,
1434 878 1591 930 quam
1618 879 1693 930 op
1708 879 1807 927 uS,
1840 866 1985 916 cuiu
2000 881 2027 916 s

133 959 396 997 causam
449 941 804 993 naturalem
861 939 1143 1006 exemplo
1189 941 1461 993 alterius
1504 942 1593 993 rei
1639 943 1875 994 solitae
1918 958 2029 994 ex-

134 1023 382 1092 plicare
418 1034 541 1071 non
575 1033 952 1086 possumus,
993 1017 1068 1068 vel
1096 1018 1279 1069 saltem
1309 1019 1423 1084 ipsc
1450 1033 1552 1069 non
1582 1023 1769 1085 potest,
1800 1021 1895 1085 qui
1922 1022 2026 1072 mi-

137 1099 376 1150 raculum
407 1095 588 1149 scribit
603 1102 692 1145 aut
713 1103 898 1145 narrat.
977 1094 1058 1146 14.
1100 1097 1317 1146 Possem
1338 1095 1550 1160 quidem
1570 1096 1767 1157 dicere,
1798 1097 2026 1148 miracu-

133 1177 247 1228 lum
275 1189 394 1226 esse
423 1173 506 1236 id,
547 1173 696 1223 cuius
725 1185 881 1223 causa
911 1187 968 1222 ex
995 1172 1261 1238 principiis
1291 1187 1460 1223 rerum
1492 1172 1803 1223 naturalium
1830 1173 2027 1224 lumine

133 1251 363 1305 naturali
407 1251 541 1304 notis
587 1248 824 1316 explicari
869 1249 1067 1313 nequit.
1141 1249 1335 1299 Verum
1380 1250 1624 1312 quoniam
1671 1249 1916 1301 miracula
1960 1249 2026 1300 ad

135 1336 350 1396 captum
372 1327 506 1393 vulgi
538 1326 668 1377 facta
689 1326 926 1386 fuerunt,
967 1325 1106 1391 quod
1127 1323 1338 1390 quidem
1358 1325 1607 1391 principia
1627 1339 1799 1376 rerum
1817 1317 2028 1376 natura-

133 1409 268 1459 lium
299 1405 450 1472 plane
477 1401 768 1470 ignorabat,
809 1409 1008 1452 certum
1035 1408 1143 1464 est,
1184 1402 1423 1467 antiquos
1453 1400 1504 1452 id
1532 1415 1627 1467 pro
1652 1403 1899 1452 miraculo
1929 1401 2027 1452 ha-

134 1485 320 1536 buisse
337 1521 353 1546 ,
395 1480 534 1547 quod
555 1479 802 1546 explicare
821 1493 927 1529 non
946 1484 1180 1544 poterant
1198 1493 1258 1528 eo
1280 1478 1455 1539 modo,
1498 1493 1605 1544 quo
1624 1478 1807 1543 vulgus
1829 1493 1913 1529 res
1931 1493 2027 1530 na-

137 1560 338 1613 turales
371 1559 622 1626 explicare
639 1557 795 1618 solet,
837 1555 1144 1607 recurrendo
1163 1554 1359 1606 scilicet
1372 1554 1437 1606 ad
1458 1555 1755 1606 memoriam
1771 1593 1785 1617 ,
1824 1562 1883 1606 ut
1898 1555 2027 1606 alte-

137 1640 251 1689 rius
270 1639 346 1688 rei
364 1636 578 1696 similiS,
619 1647 775 1700 quam
795 1635 908 1684 sine
925 1633 1261 1684 admiratione
1288 1631 1555 1697 imaginari
1584 1633 1745 1694 solet,
1785 1632 2028 1684 recordo-2

135 1723 250 1775 tur:
295 1722 408 1765 tum
436 1712 574 1763 enim
604 1711 785 1776 vulgus
815 1724 922 1762 rem
953 1709 1180 1777 aliquam
1204 1722 1263 1761 sc
1288 1709 1415 1761 satis
1448 1708 1729 1775 intelligere
1746 1711 2021 1773 existimat,

136 1806 306 1858 quum
335 1792 505 1856 ipsam
525 1804 626 1839 nou
645 1788 947 1839 admiratur.
1024 1788 1108 1839 15.
1145 1788 1366 1852 Antiqui
1385 1788 1559 1854 itaque
1579 1796 1627 1839 et
1646 1802 1827 1839 omnes
1848 1787 1953 1839 l'ere
1971 1789 2023 1838 in

135 1869 238 1920 hoc
269 1881 438 1932 usquc
466 1873 671 1931 tempus
698 1864 890 1915 nullam
921 1871 1120 1929 praeter
1149 1863 1281 1915 hauc
1310 1878 1541 1915 normam
1570 1866 1801 1916 miraculi
1827 1864 2027 1916 habue-

135 1952 280 1997 runt.
321 1944 495 2006 Quare
515 1956 616 1993 non
639 1939 998 2001 dubitandum,
1021 1940 1149 2006 quin
1167 1940 1223 1990 in
1241 1942 1401 1991 sacris
1421 1941 1579 1993 literis
1598 1942 1757 1993 multa
1779 1948 2025 2007 tanquam

137 2020 391 2074 miracula
419 2026 716 2081 narrentur,
757 2031 978 2084 quorum
1009 2030 1195 2067 causae
1222 2030 1281 2067 ex
1308 2018 1576 2083 principiis
1610 2034 1778 2071 rerum
1816 2026 2027 2070 natura-

137 2101 272 2151 lium
319 2098 459 2148 notis
497 2095 643 2147 facile
680 2100 903 2162 possunt
939 2094 1202 2159 explicari,
1242 2100 1301 2143 ut
1335 2093 1436 2143 iam
1471 2108 1628 2160 supra
1662 2096 1932 2146 innuimus
1970 2098 2025 2145 in

135 2191 256 2243 cap.
275 2178 332 2231 2.
353 2213 368 2236 ,
407 2188 568 2240 quum
598 2173 661 2222 de
691 2186 777 2235 eo,
820 2170 960 2235 quod
989 2168 1069 2220 sol
1097 2171 1293 2220 steterit
1322 2176 1550 2236 tempore
1579 2172 1765 2223 Iosuae
1802 2178 1854 2222 et
1885 2171 2025 2235 quod

137 2250 520 2318 retrogradatus
559 2250 711 2301 fuerit
747 2254 974 2313 tempore
1000 2244 1197 2307 Achaz,
1240 2246 1440 2313 loquuti
1477 2248 1749 2312 sumus*).
1820 2247 1923 2300 Sed
1960 2246 2025 2297 de

137 2330 222 2382 bis
248 2342 369 2380 mox
394 2325 640 2394 prolixius
669 2338 882 2390 agemus
899 2362 912 2384 ,
953 2337 1139 2389 nempe
1167 2324 1301 2374 circa
1327 2324 1690 2376 miraculorum
1720 2326 2026 2391 interpreta-

138 2408 364 2469 tionem,
403 2404 467 2455 dc
486 2404 662 2469 quain
681 2401 778 2452 hoc
799 2401 962 2466 capite
979 2414 1127 2465 agere
1148 2400 1382 2467 promisi.

246 2485 336 2536 16.
373 2481 474 2533 Hic
491 2481 592 2531 iam
614 2486 820 2545 tempus
839 2484 934 2539 est,
976 2483 1034 2527 ut
1050 2477 1115 2527 ad
1143 2479 1494 2530 secundum
1524 2486 1807 2541 transeam,
1839 2492 2024 2543 nempe

139 2568 199 2613 ut
215 2557 490 2612 ostendam
504 2597 518 2620 ‚
557 2571 654 2607 nos
683 2571 742 2609 ex
767 2554 1028 2605 miraculis
1047 2568 1141 2604 nec
1160 2555 1255 2606 Dei
1274 2556 1553 2607 essentiam
1572 2570 1667 2607 nec
1683 2556 2017 2617 existentiam,

139 2653 236 2689 nec
261 2634 634 2703 providentiam
663 2646 817 2699 posse
844 2630 1149 2697 intelligere,
1191 2630 1284 2684 sed
1314 2639 1488 2683 contra
1515 2631 1640 2684 haec
1668 2633 1816 2698 longe
1837 2632 2023 2684 melius

137 2712 339 2783 percipi
369 2726 429 2763 ex
457 2710 554 2761 fixo
581 2717 735 2776 atque
754 2707 1064 2761 immutabili
1085 2714 1296 2760 naturae
1313 2708 1519 2770 ordine3
1560 2711 1624 2762 ad
1644 2709 1785 2776 quod
1806 2710 2024 2761 demon-

136 2790 413 2844 strandum
439 2788 515 2839 sic
542 2786 782 2853 procedo.
857 2786 940 2839 1⁷.
979 2787 1159 2849 Quum
1193 2786 1289 2837 Dei
1324 2787 1586 2839 existentia
1610 2801 1725 2837 non
1755 2788 1823 2838 sit
1849 2800 1941 2853 per
1966 2800 2024 2837 se

137 2876 290 2931 nota,
329 2864 484 2917 debet
517 2866 809 2917 necessario
846 2863 1084 2919 concludi
1107 2878 1180 2915 ex
1214 2862 1539 2929 notionibus,
1583 2878 1800 2930 quarum
1838 2863 2022 2916 veritas

239 3032 811 3091 ⁹)wam25m-ae.
