2350 3475
853 139 993 188 car.
1043 139 1207 188 xm.
1556 155 1564 167 ·
1850 137 1979 202 227,-

81 317 293 374 virente
323 319 480 373 ane
514 319 726 372 nomine
759 317 852 370 Dei
891 316 1185 384 praedicare
1219 316 1420 384 aliquid
1458 317 1687 380 volebat,
1744 319 1981 386 quamvis

82 410 240 448 verus
267 395 517 463 propheta
543 403 711 458 esset,
749 409 872 448 reus
897 403 1066 446 tamen
1085 401 1194 446 erat
1212 402 1264 447 et
1284 399 1513 462 supremi
1532 395 1663 446 iuris
1682 403 1981 464 usurpator.

83 473 220 526 Vide
247 475 464 526 Numer.
503 487 620 540 cap.
651 474 736 526 11.
774 487 908 525 vers.
939 471 1026 527 26.
1058 485 1176 539 sqq.
1194 472 1251 541 *2
1320 473 1404 526 38.
1452 473 1518 524 Et
1553 470 1639 524 hic
1672 473 1981 535 notandum,

84 550 262 616 quod,
321 552 422 604 etsi
457 553 644 604 Mosen
681 550 908 618 populus
945 550 1187 615 elegerit,
1244 563 1600 604 successorem
1648 556 1819 602 tamen
1868 549 1981 603 loco

85 629 258 680 Musis
277 628 466 695 eligere
485 629 598 680 iure
615 642 720 680 non
741 629 926 694 potuit.
979 627 1112 678 Nam
1133 627 1291 680 simul
1312 629 1472 678 acius
1491 641 1649 680 suum
1666 629 1835 680 Deum
1855 641 1983 679 con-

85 704 298 757 sulendi
321 706 372 756 in
383 707 572 760 Mosen
597 703 969 758 transtulerunt
987 710 1037 756 et
1053 703 1291 758 absolute
1312 707 1659 772 promiserunt
1677 705 1849 772 ipsum
1871 704 1983 756 loeo

85 780 251 832 divini
285 783 483 836 oraculi
515 781 728 842 habere.
765 796 922 834 omne
959 781 1044 834 ius
1079 781 1235 848 plane
1266 785 1584 844 amiserunt;
1620 796 1779 849 quem
1806 783 1983 834 Moses

85 871 448 912 successorem
487 859 728 926 eligeret,
769 865 1034 926 tamquam
1064 873 1093 910 a
1121 859 1235 910 Deo
1261 859 1479 912 electum
1515 859 1783 912 admittere
1820 857 2005 924 debe-2

83 933 236 986 hant.
309 935 396 988 39.
435 934 588 999 Quod
623 937 670 988 si
707 936 864 989 talem
897 936 1168 1002 elegisset,
1208 937 1299 1002 qui
1336 943 1394 989 nt
1428 938 1543 1004 ipse
1582 942 1739 989 totam
1778 935 1983 1002 imperii

87 1013 594 1066 administrationem
623 1014 861 1076 haberet,
901 1027 1088 1081 nempe
1116 1013 1201 1064 ius
1219 1014 1388 1066 Deum
1410 1015 1461 1064 in
1481 1027 1581 1068 suo
1600 1013 1819 1064 tentorio
1836 1012 1984 1064 solus

87 1090 434 1154 consulendi,
493 1097 544 1144 ct
589 1099 966 1158 consequenter
1007 1093 1363 1142 auctoritatem
1410 1090 1549 1157 leges
1593 1089 1896 1143 instituendi
1934 1097 1987 1142 ct

87 1167 406 1232 abrogandi,
447 1168 511 1220 de
530 1167 665 1220 hello
685 1175 737 1220 et
755 1183 881 1236 pace
903 1166 1241 1230 decernendi,
1274 1167 1471 1232 legatos
1490 1165 1753 1231 mittendi,
1786 1167 1985 1218 iudices

86 1243 476 1307 constituendi,
513 1259 868 1298 successorem
889 1244 1108 1312 eligendi
1130 1251 1183 1296 et
1202 1244 1471 1298 absolutae
1489 1259 1727 1296 summae
1748 1249 1984 1309 potesta-

88 1323 162 1374 tis
199 1323 376 1374 omnia
413 1321 578 1374 officia
615 1322 1040 1384 administrandi,
1096 1323 1375 1389 imperium
1420 1336 1559 1374 mere
1596 1319 1981 1372 monarchicum

89 1399 312 1462 fuisset,
359 1413 455 1450 nec
491 1399 595 1451 ulla
631 1399 730 1452 alia
765 1406 908 1451 esset
945 1397 1265 1463 differentia,
1318 1401 1422 1452 nisi
1459 1398 1601 1467 quod
1640 1397 1986 1450 communiter

87 1475 482 1530 monachicum
521 1477 795 1544 imperium
833 1491 893 1528 ex
925 1477 1022 1529 Dei
1060 1476 1293 1540 decreto,
1350 1477 1451 1545 ipsi
1489 1476 1643 1528 etiam
1679 1472 1985 1526 monarchae

91 1553 326 1616 occulto,
381 1554 740 1606 Hebraeorum
779 1561 952 1606 autem
989 1567 1020 1605 a
1057 1555 1153 1607 Dei
1190 1555 1393 1608 decreto
1431 1550 1735 1605 monarchae
1783 1557 1985 1601 tantum

18 1671 20 1674 >
90 1630 318 1683 revelato
347 1638 482 1682 certa
511 1632 705 1683 ratione
735 1639 972 1698 regatur,
1008 1631 1086 1683 vel
1119 1632 1222 1698 regi
1242 1631 1498 1682 debuerit.
1569 1631 1657 1683 40.
1698 1629 1843 1693 Quae
1864 1628 1988 1694 qui—

18 1721 20 1724 ’
94 1707 216 1760 dem
248 1707 536 1760 differentia
567 1709 872 1761 monarchae
891 1709 1185 1768 dominium
1206 1711 1357 1762 etius
1378 1709 1431 1760 in
1449 1722 1631 1760 omnes
1651 1721 1754 1759 non
1776 1705 1983 1767 minuit,

18 1830 20 1853 ,
93 1785 190 1837 sed
221 1791 400 1837 contra
429 1791 600 1852 auget.
673 1786 910 1839 Ceterum
945 1787 1085 1854 quod
1116 1786 1181 1837 ad
1201 1787 1454 1853 populum
1474 1787 1743 1853 utriusque
1762 1784 1986 1851 imperii,

93 1876 265 1929 aeque
295 1870 512 1929 uterque
539 1862 808 1916 subiectus
831 1873 908 1917 est
927 1872 978 1916 et
997 1866 1210 1932 ignarus
1230 1864 1386 1915 divini
1407 1864 1615 1916 decreti.
1686 1863 1815 1914 Nam
1844 1868 1990 1913 uter-

93 1954 198 2005 que
219 1938 287 1991 ab
307 1954 394 1991 ore
418 1939 722 1993 monarchae
742 1941 956 2010 pendet,
998 1942 1193 2009 etquid
1214 1942 1291 1995 fas
1317 1942 1571 2009 nefasque
1598 1941 1667 1992 sit
1694 1937 1761 1991 ab
1788 1953 1849 1991 eo
1876 1938 1991 1991 solo

200 2091 254 2142 θ’)
291 2090 348 2135 ln
375 2090 466 2136 hoc
493 2090 600 2137 loco
628 2098 910 2138 accusantur
935 2093 1056 2149 duo,
1093 2093 1220 2151 quod
1247 2092 1295 2137 in
1314 2091 1481 2138 eastris
1500 2090 1904 2149 prophetaverint,
1938 2096 1989 2135 ct

101 2150 249 2195 losua
270 2148 379 2195 illos
399 2153 706 2197 asservandus
727 2159 887 2199 censet
905 2150 1074 2201 (Gall-r
1105 2152 1333 2197 t'utd'avis
1342 2164 1435 2213 que
1452 2151 1547 2197 Pon
1566 2163 1619 2197 se
1637 2150 1771 2196 saisit
1786 2150 1845 2195 de
1863 2149 1991 2195 leurs

96 2211 410 2268 personues);
447 2211 574 2267 quod
603 2223 696 2255 non
725 2211 916 2257 fecisset
941 2210 1080 2266 (Gall.
1103 2211 1313 2267 plenius:
1352 2223 1407 2257 ce
1432 2210 1547 2269 qu’il
1576 2208 1887 2265 n’edtJamais
1908 2209 1994 2253 fait

97 2274 147 2313 ct
173 2280 270 2325 que
297 2266 392 2313 l'on
419 2268 546 2315 n‘edt
573 2282 630 2315 eu
659 2272 805 2327 garde
831 2272 891 2317 de
919 2278 1165 2328 rapporter
1182 2272 1210 2315 a
1228 2271 1388 2327 Moyse
1406 2282 1592 2317 comme
1612 2282 1703 2315 une
1722 2269 1875 2314 action
1894 2268 1993 2312 cri-

99 2326 345 2382 minale),
383 2330 422 2374 si
443 2331 700 2387 unicuique
717 2330 898 2377 iniussu
916 2331 1061 2378 Musis
1081 2331 1235 2376 divina
1256 2342 1481 2387 responsa
1502 2330 1677 2387 populo
1694 2330 1809 2374 dare
1828 2327 1993 2373 licuis-

97 2395 188 2435 set.
243 2388 303 2433 At
327 2388 446 2435 uoci
485 2402 592 2435 reos
627 2390 874 2437 absolvere
910 2391 1110 2449 placuit,
1157 2397 1205 2436 ct
1232 2392 1423 2437 losuam
1458 2392 1694 2447 increpat,
1738 2388 1863 2446 quod
1892 2386 1995 2442 ipse

18 2510 20 2525 i
100 2448 344 2505 suaderet,
368 2448 440 2495 ius
461 2462 601 2495 suum
621 2450 800 2506 regium
821 2452 1040 2509 persequi
1059 2464 1116 2495 eo
1135 2458 1363 2508 tempore,
1384 2450 1573 2509 quando
1592 2450 1748 2505 ipsum
1766 2447 1993 2505 regnandi

99 2507 312 2552 taedium
341 2508 559 2559 tenebat,
597 2515 650 2553 ut
675 2509 896 2555 maluerit
922 2512 1067 2567 mori,
1106 2524 1249 2569 quam
1277 2512 1408 2557 solus
1438 2520 1656 2566 regnare,
1694 2513 1748 2553 ut
1774 2513 1904 2566 patet
1938 2518 1996 2551 ex

99 2580 143 2612 v.
159 2570 226 2611 14.
245 2568 455 2613 ciusdem
476 2568 657 2625 capitis,
695 2569 776 2615 Sic
793 2571 916 2615 enim
938 2569 1106 2616 Iosuae
1124 2570 1390 2627 respondite
1417 2566 1795 2613 Excantare-im
1813 2579 1919 2609 mea
1938 2568 1994 2609 dc

18 2652 22 2687 5
99 2628 288 2669 cam!
335 2626 713 2671 Utinam-omnia
729 2629 817 2673 Der·
837 2632 1053 2687 populus
1076 2628 1321 2686 propheta
1348 2630 1495 2673 aaut!
1538 2629 1585 2674 h.
1606 2641 1649 2674 e.
1670 2629 1849 2673 utinam
1868 2627 1995 2673 adid

99 2686 280 2731 rediret
313 2686 386 2731 ius
412 2686 566 2733 Deum
603 2689 906 2747 consulendi,
951 2697 1005 2736 ut
1038 2702 1235 2747 regnum
1271 2690 1393 2747 apud
1431 2691 1586 2745 ipsum
1613 2688 1842 2746 populum
1870 2693 1997 2733 esset

101 2743 250 2799 (Gall.
279 2744 488 2801 pleniusz
523 2759 712 2794 comme
737 2749 811 2795 s’il
840 2750 1001 2796 disaitz
1038 2750 1255 2797 voudrais
1282 2756 1331 2795 tu
1359 2748 1474 2807 qu’il
1502 2749 1577 2805 η’]
1604 2746 1685 2795 eut
1710 2760 1805 2806 que
1832 2748 1929 2793 moi
1953 2748 1995 2795 ,a

103 2816 298 2863 regner3
337 2816 460 2861 pour
485 2808 580 2853 moi
608 2810 660 2865 Je
678 2808 990 2855 souhaitcrais
1010 2809 1168 2867 quale
1186 2810 1310 2855 droit
1328 2810 1386 2855 de
1404 2806 1643 2854 consulter
1659 2808 1779 2854 Dieu
1798 2808 1948 2853 revint
1964 2810 1995 2853 a

105 2864 292 2923 chaque
310 2866 609 2927 particulier,
639 2876 687 2914 et
703 2880 790 2925 par
808 2876 1098 2929 consequent
1115 2870 1255 2928 qu’ils
1274 2874 1548 2926 regnassent
1564 2875 1669 2914 tous
1688 2867 1931 2915 ensemhla
1948 2873 1997 2913 et

103 2938 183 2971 me
201 2926 480 2971 laissassent
501 2927 653 2979 aller).
709 2928 851 2974 losua
871 2930 1032 2987 itaque
1051 2942 1144 2975 non
1163 2931 1237 2977 ius
1256 2928 1423 2985 (Gall.:
1453 2928 1497 2975 le
1518 2930 1641 2974 droit
1658 2935 1705 2974 et
1722 2927 1993 2983 l’autorite).

18 3026 20 3031 .
107 2987 193 3032 sed
225 2986 450 3043 temporis
477 2988 708 3034 rationem
737 2990 988 3047 ignoravit3
1027 2996 1075 3035 et
1101 2990 1207 3036 ideo
1228 3002 1253 3035 a
1274 2990 1406 3036 mose
1424 2989 1702 3047 castigatur,
1739 2988 1995 3035 sicutAbi-

110 3057 254 3092 saeue
274 3059 300 3091 a
322 3046 526 3103 Davide‚
563 3060 712 3105 quum
741 3060 898 3105 regem
930 3050 1136 3106 monuit,
1175 3056 1228 3094 ut
1246 3049 1483 3108 Shimghi,
1521 3050 1600 3106 qui
1620 3054 1749 3095 certe
1766 3060 1875 3095 rcus
1893 3057 1994 3093 ma·

108 3106 288 3153 iestatis
309 3112 438 3164 erat,
475 3106 641 3155 mortis
659 3108 919 3155 damnaret·
974 3108 1074 3155 vid.
1093 3110 1122 3153 2
1139 3109 1266 3157 Sam.
1296 3120 1339 3155 e.
1358 3110 1424 3155 19.
1452 3122 1495 3155 v.
1513 3112 1579 3157 21.
1598 3110 1667 3156 22.
1684 3110 1754 3152 22.

1467 3181 1570 3235 15*
