2350 3475
367 79 446 142 92
765 80 1154 126 TRACTATUS
1193 79 1593 126 TquLoolco
1603 106 1629 116 -
1638 78 1849 125 Pohl'r.

363 262 466 312 iam
495 258 846 326 ostendimus)
874 258 938 309 ad
967 257 1165 310 infinita
1194 272 1251 310 se
1287 256 1566 310 extendunt
1597 263 1649 308 et
1684 255 1785 308 snb
1820 257 2047 322 quadam
2074 259 2250 324 specie

365 337 678 390 aeternitatis
705 351 734 388 a
764 334 918 388 nobis
944 336 1329 402 concipiuntur,
1368 342 1417 386 et
1444 342 1623 386 natura
1652 333 1939 386 secundum
1978 348 2071 386 eas
2108 344 2249 387 certo

363 421 518 481 atque
539 411 848 466 immutabili
867 411 1046 464 ordine
1064 411 1333 479 procedat,
1372 412 1515 478 ipsae
1545 410 1697 463 nobis
1716 418 1929 464 eatenus
1947 413 2045 462 Dei
2064 411 2248 464 infini-

363 499 556 556 tatem,
612 491 962 542 aeternitatem
999 496 1050 541 et
1086 487 1552 540 immutabilitatem
1590 488 1763 554 aliquo
1798 489 1953 540 modo
1992 489 2245 540 indicant.

361 569 450 622 26.
489 567 860 620 Concludimus
877 567 1068 632 itaque,
1108 581 1204 617 nos
1222 581 1313 632 per
1333 565 1573 617 miracula
1592 566 1759 617 Deum
1780 567 1997 632 eiusque
2018 567 2248 618 existen-

363 649 484 698 tiam
503 654 554 697 et
574 644 942 711 providentiam
961 656 1270 710 cognoscere
1290 657 1391 692 non
1410 656 1587 709 posse,
1624 642 1717 694 sed
1737 641 1861 693 baec
1882 645 2031 708 longe
2052 643 2245 695 melius

361 723 599 774 concludi
627 736 687 774 cx
715 727 926 772 naturae
953 719 1050 771 fixo
1078 727 1231 785 atque
1250 717 1558 770 immutabili
1579 717 1777 770 ordine.
1850 722 2059 785 Loquor
2078 723 2131 771 in
2154 720 2248 772 bac

361 799 694 851 conclusione
721 797 786 848 de
815 797 1088 858 miraculo,
1108 825 1110 827 >
1129 803 1387 861 quatenus
1414 810 1505 861 per
1532 796 1583 845 id
1614 795 1741 847 nibil
1760 796 1899 848 aliud
1921 797 2243 862 intelligitur,

359 890 516 942 quam
535 890 668 941 opus
683 913 698 937 ,
720 874 860 940 quod
880 874 1146 924 bominum
1167 880 1375 938 captum
1397 865 1606 939 superat
1625 880 1715 924 aut
1732 889 1975 940 superare
1996 875 2241 926 creditur.

356 955 486 1004 Nam
507 958 764 1017 quatenus
784 957 1162 1018 supponeretur
1180 949 1411 1000 ordinem
1443 957 1652 1001 naturae
1674 951 1938 1001 destruere
1957 952 2062 1002 sive
2082 953 2246 1003 inter·
2324 1025 2333 1064 ἰ

357 1043 625 1096 rumpere,
667 1036 756 1079 aut
773 1030 886 1080 eius
907 1027 1110 1093 legibus
1129 1040 1440 1092 repugnare,
1480 1035 1693 1078 eatenus
1722 1028 1808 1096 (ut
1834 1027 1989 1078 modo
2008 1029 2245 1080 ostendi-

357 1106 500 1169 mus)
523 1120 624 1158 non
645 1112 842 1157 tantum
864 1105 1058 1156 nullam
1075 1105 1170 1155 Dei
1191 1103 1535 1168 cognitionem
1556 1103 1678 1155 dare·
1696 1112 1900 1171 posset,
1938 1105 2031 1156 sed
2062 1113 2239 1157 contra

355 1183 525 1246 illam,
574 1196 732 1248 quam
771 1181 1069 1233 naturaliter
1103 1179 1384 1241 babemuS,
1441 1181 1689 1232 adimeret
1725 1189 1776 1232 et
1812 1196 1907 1232 nos
1942 1181 2007 1233 de
2042 1182 2153 1234 Deo
2191 1190 2242 1232 et

355 1259 600 1312 omnibus
628 1257 866 1312 dubitare
895 1258 1099 1310 faceret.
1189 1257 1278 1312 2⁷.
1324 1258 1505 1324 Neque
1536 1259 1617 1309 bic
1646 1257 1803 1308 ullam
1832 1273 2053 1324 agnosco
2089 1259 2243 1310 diffe-

353 1338 568 1388 rentiam
605 1337 738 1388 inter
773 1349 907 1402 opus
944 1344 1116 1387 contra
1145 1341 1381 1386 naturam
1417 1342 1626 1401 etopus
1652 1350 1811 1400 supra
1839 1342 2103 1397 naturam;
2143 1336 2241 1388 boc

351 1420 452 1476 est,
491 1420 551 1465 ut
569 1414 782 1479 quidam
800 1414 971 1475 aiunt,
1013 1426 1146 1479 opus
1159 1451 1173 1474 ,
1218 1412 1357 1477 quod
1377 1412 1589 1478 quidem
1610 1419 1819 1463 naturae
1838 1427 1941 1463 non
1962 1421 2234 1479 repugnat,

349 1497 577 1550 attamen
593 1490 660 1542 ab
673 1492 784 1557 ipsa
805 1504 906 1540 non
925 1496 1096 1555 potest
1115 1489 1331 1555 produci
1352 1496 1441 1540 aut
1458 1488 1599 1541 effici.
1673 1491 1801 1539 Nam
1822 1503 1986 1554 quum
2010 1491 2240 1542 miracu-

351 1568 460 1618 lum
495 1581 600 1618 non
635 1574 771 1618 extra
807 1572 1067 1630 naturam,
1111 1566 1204 1617 sed
1232 1567 1286 1617 in
1314 1567 1427 1633 ipsa
1454 1573 1633 1617 natura
1660 1565 1774 1630 fiat,
1816 1568 2050 1631 quamvis
2076 1581 2238 1633 supra

351 1650 584 1694 naturam
605 1649 887 1704 statuatur,
927 1649 1099 1692 tamen
1119 1656 1335 1693 necesse
1356 1650 1434 1694 est
1448 1681 1461 1703 ,
1502 1651 1562 1693 ut
1580 1650 1789 1695 naturae
1809 1643 2043 1696 ordinem
2064 1645 2235 1695 inter-

349 1727 573 1786 rumpat,
613 1732 770 1785 quem
791 1718 915 1769 alias
933 1717 1090 1770 fixum
1110 1726 1265 1785 atque
1283 1719 1657 1771 immutabilem
1680 1734 1737 1771 ex
1754 1721 1849 1771 Dei
1870 1720 2088 1773 decretis
2108 1735 2238 1773 con-
2331 1784 2332 1795 χ

349 1797 593 1862 cipimus.
663 1797 751 1850 28.
791 1796 848 1846 Si
867 1796 992 1861 quid
1013 1797 1166 1862 igitur
1184 1797 1237 1847 in
1258 1804 1437 1847 natura
1458 1797 1625 1861 fieret,
1666 1798 1804 1863 quod
1825 1812 1883 1848 ex
1912 1800 2081 1864 ipsius
2100 1798 2235 1865 legi-

348 1872 452 1925 bus
469 1887 574 1924 non
593 1879 916 1939 sequeretur,
937 1872 990 1924 id
1011 1875 1306 1925 necessario
1324 1874 1511 1936 ordini,
1552 1890 1706 1940 quem
1726 1876 1869 1925 Deus
1888 1875 1942 1926 in
1960 1881 2230 1926 aeternum
2330 1876 2332 1889 ⁴

349 1965 440 2017 per
456 1950 597 2015 leges
617 1956 829 2002 naturae
847 1950 1163 2001 universales
1184 1952 1237 2001 in
1258 1959 1435 2003 natura
1455 1953 1659 2015 statuit,
1700 1960 2032 2017 repugnaret,
2070 1950 2235 2003 adeo-

347 2042 451 2095 que
477 2028 531 2080 id
559 2034 732 2080 contra
761 2034 996 2079 naturam
1025 2034 1244 2093 eiusque
1272 2029 1409 2094 leges
1432 2036 1596 2091 esset,
1634 2034 1684 2079 et
1712 2034 2089 2093 consequenter
2116 2031 2233 2080 eius

249 2094 252 2097 ⁴
347 2104 478 2157 fides
507 2120 604 2157 nos
631 2104 696 2157 dc
723 2103 968 2156 omnibus
1005 2104 1243 2157 dubitare
1278 2105 1465 2157 faceret
1492 2111 1543 2156 et
1568 2105 1632 2156 ad
1660 2105 1969 2157 atheismum
2000 2104 2234 2158 duceret.

345 2182 434 2236 29.
470 2182 538 2233 Et
563 2182 646 2233 bis
674 2187 827 2247 puto,
866 2197 950 2233 me
977 2182 1058 2243 id,
1098 2183 1236 2247 quod
1264 2182 1492 2234 secundo
1520 2181 1849 2235 intendebam
1867 2223 1881 2245 ‚
1922 2184 2048 2234 satis
2067 2182 2235 2235 firmis
2331 2204 2332 2239 1

345 2258 634 2311 rationibus
661 2258 975 2311 ostendisse.
1047 2260 1121 2311 Ex
1147 2258 1343 2323 quibus
1364 2259 1429 2309 de
1447 2273 1576 2310 novo
1596 2259 1901 2312 concludere
1920 2275 2229 2327 possumuS,

345 2335 654 2387 miraculum
685 2336 794 2387 sive
823 2344 998 2388 contra
1033 2343 1266 2388 naturam
1298 2337 1405 2387 sive
1434 2350 1591 2401 supra
1619 2342 1853 2388 naturam
1881 2352 2085 2389 merum
2112 2352 2232 2389 csse

343 2412 660 2472 absurdum3
702 2419 753 2464 et
773 2420 1040 2478 propterea
1060 2427 1152 2479 per
1171 2413 1480 2465 miraculum
1505 2414 1559 2465 in
1579 2416 1739 2465 sacris
1758 2414 1918 2465 literis
1938 2414 2065 2466 nibil
2084 2414 2230 2467 aliud

346 2504 502 2556 posse
527 2489 771 2555 intelligi,
813 2502 970 2554 quam
996 2504 1130 2555 opus
1159 2497 1397 2551 naturae,
1438 2491 1513 2539 uti
1541 2489 1791 2553 diximuS,
1835 2491 1974 2557 quod
2018 2498 2229 2557 captum

343 2566 629 2618 humanum
659 2573 869 2632 superat
895 2572 985 2617 aut
1013 2580 1259 2633 superare
1289 2567 1533 2619 creditur.
1606 2566 1693 2618 30.
1729 2570 1841 2620 Iam
1858 2576 2137 2633 antequam
2162 2568 2229 2617 ad

341 2644 436 2693 111.
459 2657 692 2709 pergam,
729 2641 854 2694 libet
883 2643 1028 2709 prius
1047 2644 1179 2694 banc
1199 2652 1428 2695 nostram
1448 2644 1790 2706 sententiam,
1830 2659 2042 2710 nempe,
2084 2646 2227 2711 quod
2331 2650 2332 2719 J

343 2732 403 2769 ex
433 2720 693 2771 miraculis
719 2720 888 2771 Deum
916 2734 1018 2771 non
1049 2734 1333 2785 possumus
1370 2734 1703 2785 cognoscere,
1744 2722 2041 2774 auctoritate
2076 2722 2227 2773 Scri-

343 2802 522 2862 pturae
549 2794 877 2859 confirmare3
917 2803 967 2847 et
993 2799 1229 2862 quamvis
1264 2798 1525 2864 Scriptura
1562 2798 1658 2849 boc
1694 2798 1879 2850 nullibi
1915 2805 2089 2865 aperte
2125 2798 2229 2848 do-
2331 2844 2332 2849 ,

345 2878 488 2933 ceat,
525 2870 676 2923 facile
702 2878 874 2925 tamen
901 2887 960 2925 ex
978 2880 1090 2939 ipsa
1110 2880 1279 2939 potest
1296 2875 1561 2937 concludi,
1600 2876 1838 2941 inprimis
1866 2891 1925 2927 ex
1952 2890 2040 2936 eo,
2082 2874 2229 2941 quod

341 2950 520 3001 Moses
556 2948 749 3014 (Dent.
785 2964 898 3016 cap.
942 2950 1066 3017 13.)
1099 2952 1376 3017 praecipit,
1433 2960 1491 3003 ut
1535 2953 1833 3020 prophetam
1874 2953 2225 3015 seductorem,

341 3024 580 3094 quamvis
607 3026 758 3078 l'aciat
782 3026 1057 3093 miracula,
1096 3030 1276 3081 mortis
1304 3037 1474 3083 tamen
1504 3031 1772 3085 damnent.
1844 3030 1930 3083 31.
1968 3030 2055 3083 Sic
2082 3030 2228 3083 enim
