2350 3475
353 112 438 173 30
747 112 1138 159 'raacwssus
1175 110 1835 163 ‘rmoelco-Pom‘r.

349 297 541 365 ptum
559 296 782 361 spiritus
795 292 903 343 Dei
909 293 1039 357 Mt
1053 330 1068 352 ‚
1105 292 1253 343 Dm
1266 292 1517 357 spe-itum
1530 276 1997 341 mum-homenibus
2012 292 2245 357 mast,

351 375 587 425 homines
602 372 798 437 spin‘tu
813 368 921 420 Dei
937 373 993 419 et
1005 371 1205 435 spiritu
1220 373 1403 419 sancto
1419 368 1612 435 repleti
1626 372 1752 419 mut
1767 372 1869 419 etc.
1940 367 2078 419 Nihil
2098 371 2245 420 enim
2336 366 2338 379 ²

354 449 494 501 aliud
522 444 838 513 significant,
880 460 1036 511 quam
1078 445 1218 511 quod
1258 444 1532 513 prophetae
1572 446 1807 495 virtutem
1836 444 2155 509 singularem
2192 453 2248 496 et

353 542 512 594 supra
545 536 874 577 communem
915 521 1269 590 habebant*)‚
1309 520 1555 588 qnodque
1593 522 1833 588 pietatem
1872 522 2053 572 eximia
2081 522 2246 573 animi

354 600 642 655 constantia
681 598 947 659 colebant3
986 599 1174 650 deinde
1213 600 1353 665 quod
1393 600 1489 650 Dei
1527 608 1751 651 mentem
1787 601 1895 650 sive
1928 600 2245 650 sententiam
2338 650 2340 653 Α

353 677 724 747 percipiebant.
794 676 884 729 41.
925 676 1267 728 Ostendimus
1286 678 1455 737 enim,
1491 678 1741 743 spir-itum
1758 675 2013 728 Hebraice
2032 676 2244 742 signifi-
2338 736 2340 755 ἰ

353 771 468 807 care
504 761 609 805 tam
647 761 904 813 mentem,
955 767 1112 819 qnam
1149 754 1341 805 mentis
1378 756 1713 815 sententiam,
1764 760 1817 804 et
1850 752 1948 807 hae
1982 753 2049 804 de
2082 766 2250 805 causa

353 835 522 899 ipsam
543 830 737 897 legem,
768 832 888 898 quia
908 832 1003 884 Dei
1023 839 1247 881 mentem
1272 829 1579 897 explicabat,
1611 832 1849 897 spiritum
1880 832 1989 882 sive
2014 838 2250 882 mentem
2338 818 2340 835 '

352 909 449 960 Dei
467 910 667 969 vocari3
709 923 869 974 quare
888 908 1090 973 aequali
1109 908 1222 959 iure
1242 908 1542 973 Imaginatio
1562 908 1956 973 prophetarum,
1983 913 2250 973 quatenus
2341 924 2342 927 ¹

352 1000 446 1052 per
464 1000 577 1037 eam
597 987 693 1036 Dei
714 985 917 1037 decreta
937 984 1290 1036 revelabantur
1304 1024 1318 1044 ‚
1358 998 1508 1036 mens
1526 985 1624 1035 Dei
1644 986 1795 1035 etiam
1828 985 1996 1035 vocari
2025 992 2249 1049 poterat,
2340 984 2342 987 ‘

354 1062 736 1129 prophetaeque
774 1069 1000 1113 mentem
1027 1063 1125 1114 Dei
1159 1060 1411 1113 habuisse
1448 1062 1551 1113 dici
1586 1069 1840 1127 poterant.
1912 1062 1981 1111 Et
2004 1062 2254 1127 quamvis

354 1141 516 1191 menti
553 1140 708 1191 etiam
749 1144 954 1191 nostrae
991 1154 1140 1191 mens
1169 1140 1269 1191 Dei
1305 1140 1526 1208 eiusque
1562 1146 1798 1191 aeternae
1834 1138 2121 1189 sententiae
2160 1139 2254 1189 in·-
2340 1184 2342 1191 .

355 1216 574 1283 scriptae
593 1215 717 1278 sint,
739 1224 790 1266 et
809 1223 1185 1281 consequenter
1204 1224 1429 1268 mentem
1449 1217 1600 1268 etiam
1622 1218 1715 1267 Dei
1740 1215 1827 1282 (ut
1847 1230 1964 1266 cum
1982 1216 2255 1281 Scriptura

354 1293 566 1362 loquar)
585 1294 957 1359 percipiamus;
981 1301 1152 1344 tamen
1175 1295 1297 1358 quia
1318 1294 1543 1359 cognitio
1565 1292 1812 1345 naturalis
1834 1291 2081 1343 omnibus
2100 1306 2255 1343 com-

353 1371 532 1424 munis
551 1377 659 1433 cst,
701 1384 802 1421 non
822 1371 950 1421 tanti
967 1368 1032 1420 ab
1055 1370 1381 1432 hominibus,
1422 1377 1480 1421 ut
1498 1372 1599 1421 iam
1620 1370 1840 1421 diximus
1856 1408 1871 1428 ‚
1912 1369 2251 1430 aestimatur;

353 1454 405 1498 et
437 1448 712 1515 praecipue
749 1445 816 1499 ab
842 1446 1094 1499 Hebraeis
1107 1484 1122 1508 ‚
1173 1448 1266 1512 qui
1300 1461 1359 1499 se
1394 1462 1551 1513 supra
1592 1461 1777 1499 omnes
1810 1459 1929 1498 esse
1968 1444 2252 1512 iactabant,

353 1526 462 1575 imo
487 1524 580 1589 qui
605 1538 820 1587 omnes,
857 1531 910 1575 et
935 1531 1313 1589 consequenter
1340 1525 1608 1577 seientiam
1628 1522 1874 1575 omnibus
1894 1537 2251 1586 communem,

355 1608 684 1652 contemnere
702 1599 957 1653 solebant.
1016 1602 1103 1653 42.
1125 1601 1364 1664 Denique
1385 1600 1663 1666 prophetae
1680 1603 1774 1653 Dei
1798 1601 2034 1665 spiritum
2062 1598 2257 1650 habere

357 1675 686 1738 dicebantur,
727 1677 849 1742 quia
879 1676 1114 1727 homines
1142 1690 1328 1727 causas
1349 1678 1677 1744 propheticae
1700 1677 2011 1744 cognitionis
2038 1677 2259 1742 ignora-

357 1754 484 1806 bant
497 1793 512 1814 ‚
537 1754 864 1820 eandemque
882 1753 1297 1816 admirabantur,
1320 1763 1370 1806 et
1386 1763 1669 1822 propterea,
1694 1763 1754 1806 ut
1770 1753 1971 1821 reliqua
1988 1762 2255 1821 pertenta,

355 1833 532 1899 ipsam
551 1831 616 1884 ad
635 1833 806 1884 Deum
827 1830 1014 1882 referre
1031 1833 1233 1897 Deique
1250 1834 1599 1898 cognitionem
1619 1845 1799 1885 vocare
1816 1831 2073 1884 solebant.

459 1925 547 1978 43.
585 1927 880 1978 Possumus
909 1926 1008 1976 iam
1044 1927 1201 1990 igitur
1226 1927 1338 1977 sine
1366 1927 1611 1995 scrupulo
1646 1926 1931 1988 affirmare,
1972 1925 2261 1993 prophetas

357 2016 462 2054 non
483 2003 583 2054 nisi
602 2017 698 2068 ope
717 2003 1104 2068 imaginationis
1121 2004 1218 2054 Dei
1240 2003 1455 2056 revelata
1490 2005 1815 2071 percepisse,
1860 2003 1957 2054 hoc
1986 2009 2095 2062 est,
2136 2017 2263 2055 me-

356 2077 622 2130 diantibus
661 2078 829 2130 verbis
870 2079 948 2130 vel
983 2079 1305 2146 imaginibus
1327 2120 1341 2141 ,
1398 2082 1568 2147 iisque
1606 2082 1741 2133 veris
1778 2088 1869 2131 aut
1905 2081 2262 2144 imaginariis·

353 2157 488 2208 Nam
531 2170 694 2220 quum
741 2156 880 2208 nulla
911 2156 1005 2207 alia
1045 2157 1213 2209 media
1252 2159 1304 2208 in
1335 2157 1597 2223 Scriptura
1626 2164 1825 2224 praeter
1853 2157 1981 2208 haec
2012 2159 2261 2222 reperia-

355 2246 505 2292 muS‚
549 2232 688 2283 nulia
731 2234 884 2284 etiam
922 2233 1046 2302 alia,
1087 2241 1146 2284 ut
1183 2234 1284 2284 iam
1314 2234 1667 2295 ostendimus,
1711 2234 1861 2285 nobis
1888 2233 2079 2297 fingere
2108 2233 2261 2287 licet.

353 2310 440 2360 44.
483 2308 694 2372 Quibus
733 2317 904 2360 autem
943 2318 1154 2363 naturae
1193 2310 1396 2377 legibus
1430 2310 1488 2361 id
1524 2311 1715 2363 factum
1752 2312 1933 2372 suerit,
1972 2311 2139 2362 fateor
2172 2325 2265 2364 me

363 2421 438 2430 ——o

459 2479 500 2528 ³)
537 2475 763 2532 Quamvis
801 2479 990 2536 quidam
1022 2479 1235 2524 homines
1273 2479 1506 2536 quaedam
1546 2479 1745 2537 habent,
1786 2491 1911 2536 quae
1946 2484 2115 2524 natura
2146 2481 2267 2526 aliis

353 2549 450 2582 non
471 2538 703 2593 impertit,
734 2549 823 2582 non
845 2545 1003 2583 tamen
1021 2546 1239 2584 naturam
1262 2539 1515 2584 humanam
1537 2540 1761 2584 excedere
1789 2540 2031 2592 dicuntur,
2062 2540 2156 2584 nisi
2184 2553 2267 2598 ea,

357 2607 480 2652 quae
499 2597 800 2653 singulariter
819 2597 1019 2654 habent,
1059 2598 1169 2642 talia
1190 2599 1309 2654 sint,
1348 2605 1401 2644 ut
1421 2610 1476 2642 ex
1496 2598 1767 2646 definitione
1788 2600 2023 2644 humanae
2050 2606 2267 2644 naturae

356 2656 533 2710 percipi
555 2661 794 2713 nequeant
812 2656 952 2710 (Gall.
975 2657 1003 2701 a
1022 2658 1175 2701 meins
1198 2669 1290 2712 que
1309 2655 1378 2702 les
1400 2658 1543 2712 dous,
1565 2659 1680 2703 dont
1698 2657 1755 2703 ils
1775 2663 1882 2703 sent
1902 2659 2267 2703 extraordinai-

355 2721 540 2759 rement
563 2716 794 2774 ponnus,
833 2729 893 2760 ne
919 2722 1111 2772 passent
1137 2716 1207 2760 les
1234 2717 1408 2763 bernes
1436 2725 1483 2762 et
1509 2717 1579 2764 les
1606 2717 1780 2764 limites
1808 2717 1867 2762 de
1897 2716 1941 2761 la
1972 2723 2141 2762 nature
2168 2722 2270 2765 hu—

357 2774 550 2826 maine).
601 2776 684 2820 Ex.
707 2789 774 2833 gr.
795 2775 996 2832 gigantis
1014 2776 1287 2830 magnitude
1302 2789 1423 2820 rara
1441 2783 1539 2835 est,
1568 2785 1726 2825 tamen
1744 2776 1974 2820 hamana.
2026 2777 2270 2828 Carmina

357 2840 600 2888 praeterea
622 2846 679 2879 ex
696 2842 909 2890 tempore
928 2846 1214 2892 componere
1233 2838 1533 2891 paucissimis
1553 2838 1717 2894 datur,
1747 2844 1794 2883 et
1812 2837 1959 2884 nihilo
1979 2837 2139 2883 minus
2164 2840 2269 2886 hu-

356 2905 549 2938 manum
571 2899 666 2947 est;
705 2900 757 2939 ut
785 2894 925 2938 etiam
955 2892 1080 2951 quod
1110 2895 1283 2952 aliquis
1313 2897 1463 2942 oeulis
1497 2899 1671 2955 apertis
1690 2911 1765 2942 res
1786 2897 2016 2954 quasdam
2036 2895 2166 2943 adeo
2190 2901 2270 2946 vi-

356 2952 462 2996 vide
489 2952 796 3008 imaginetur,
827 2966 884 2998 ao
911 2956 950 3000 si
982 2956 1169 3000 easdem
1191 2967 1350 3002 coram
1372 2971 1424 3003 se
1445 2958 1657 3004 haberet.
1710 2957 1768 3002 At
1785 2956 1825 3002 si
1846 2959 1952 3012 quis
1972 2963 2122 3014 esset,
2180 2962 2273 3018 qui

359 3011 485 3055 aliud
514 3009 798 3065 percipiendi
831 3015 1043 3058 medium
1083 3015 1270 3070 aliaque
1307 3017 1584 3073 cognitionis
1617 3018 1919 3066 fundamenta
1950 3015 2183 3078 haberet,
2228 3021 2272 3066 is

359 3079 474 3118 saue
493 3070 728 3118 humanae
745 3075 944 3121 naturae
959 3073 1133 3122 limites
1154 3077 1519 3125 transcenderet.
1574 3075 1663 3134 sp.
