2350 3475
861 155 997 201 car.
1051 155 1108 200 v.
1853 152 1925 212 81

41 330 172 382 enim
204 329 440 398 populus
471 343 620 398 agere
649 336 875 398 poterat,
915 333 1039 398 quin
1069 331 1223 382 simui
1246 336 1506 384 teneretur
1526 331 1654 398 {egis
1682 332 1937 384 recordari

41 416 94 458 et
120 407 360 460 mandata
386 409 627 474 exsequi,
669 423 804 476 quae
830 423 860 460 a
893 409 1006 460 solo
1041 411 1343 476 imperantis
1381 407 1588 460 arbitrio
1622 408 1935 477 pendebant.

39 485 154 534 Non
173 485 314 536 enim
333 485 400 537 ad
419 485 626 538 libitum
643 525 657 550 ,
687 485 780 538 sed
800 485 1088 537 secundum
1111 496 1309 539 certum
1332 493 1382 538 et
1400 486 1797 538 determinatum
1817 486 1936 537 ius-

41 576 158 612 sum
195 562 328 630 legis
365 561 554 615 licebat
590 578 733 616 arare
757 601 771 626 ,
829 564 1113 626 seminare,
1173 572 1391 626 metere,
1450 564 1573 615 item
1610 577 1705 614 nec
1741 562 1936 628 aliquid

45 638 334 702 comedere,
373 639 607 703 induere,
650 655 820 708 neque
839 648 1062 707 caputet
1082 639 1297 692 barbam
1318 640 1510 704 radere,
1554 655 1725 706 neque
1743 640 1937 701 laetari,

47 730 139 766 nec
157 715 400 768 absolute
419 716 618 783 aliquid
639 731 786 785 agere
805 716 1008 779 licebat,
1033 718 1135 768 nisi
1156 718 1446 770 secundum
1466 718 1611 768 iussa
1632 724 1683 769 et
1700 717 1941 769 mandata

47 793 102 843 in
127 792 335 858 legibus
363 794 705 860 praescripta,
750 807 844 845 nec
872 792 970 844 boc
996 800 1225 858 tantum,
1265 796 1358 846 sed
1396 795 1547 846 etiam
1590 796 1641 846 in
1680 793 1939 862 postibus,

49 869 288 921 manibus
319 876 374 921 et
397 870 532 922 inter
558 871 738 923 oculos
769 872 914 937 signa
943 871 1197 936 quaedam
1229 871 1415 924 babere
1436 871 1769 935 tenebantur,
1809 886 1943 938 quae

10 977 20 996 .
52 960 133 996 eos
170 961 388 1014 semper
423 961 516 1014 per
550 946 892 1000 obedientiam
933 957 1222 1000 monerent.
1296 949 1382 1000 31.
1420 949 1521 1000 Hic
1558 950 1716 1015 igitur
1749 963 1941 1016 scopus

10 1023 12 1028 '
54 1025 457 1075 ceremoniarum
495 1023 620 1086 fuit,
669 1031 728 1076 ut
764 1025 1002 1076 homines
1039 1025 1166 1077 nihii
1213 1041 1274 1077 ex
1315 1026 1523 1092 proprio
1570 1026 1799 1088 decreto,
1849 1025 1941 1077 sed

47 1102 218 1152 omnia
237 1115 296 1153 ex
320 1099 564 1152 mandato
583 1101 794 1153 alterius
813 1109 1021 1169 agerent
1037 1110 1086 1152 et
1105 1104 1368 1155 continuis
1386 1102 1677 1155 actionibus
1696 1110 1749 1154 et
1769 1102 1943 1154 medi-

49 1178 334 1230 tationibus
367 1178 680 1241 faterentur,
719 1193 776 1230 se
805 1178 931 1230 nihii
959 1193 1174 1246 prorsus
1213 1180 1296 1230 sni
1314 1217 1328 1241 ‚
1367 1178 1462 1230 sed
1489 1181 1703 1232 omnino
1730 1179 1939 1230 alterius

51 1256 176 1305 iuris
205 1269 349 1306 esse.
422 1255 499 1304 Ex
525 1253 720 1321 quibus
749 1255 992 1307 omnibus
1011 1254 1128 1306 luce
1147 1256 1334 1307 ciarius
1356 1261 1585 1318 constat,
1625 1257 1943 1307 ceremonias

52 1332 112 1383 ad
129 1331 510 1384 beatitudinem
532 1331 658 1383 nihii
679 1333 870 1395 facere,
897 1338 946 1383 et
965 1332 1078 1384 ilias
1101 1334 1283 1384 veteris
1304 1333 1626 1395 testamenti,
1659 1334 1765 1384 imo
1786 1338 1941 1382 totam

52 1408 213 1474 legem
242 1409 416 1460 Musis
442 1408 572 1459 nihil
600 1407 738 1460 aliud
769 1423 924 1475 quam
948 1407 1303 1461 Hebraeorum
1332 1409 1637 1476 imperium,
1679 1415 1729 1459 et
1756 1421 1945 1459 conse-

54 1493 266 1550 quenter
297 1485 428 1536 nibil
457 1492 658 1551 praeter
684 1487 912 1553 corporis
943 1486 1213 1537 commoda
1242 1487 1573 1552 spectavisse.
1664 1485 1750 1539 32.
1789 1484 1942 1548 Quod

55 1570 224 1614 autem
253 1562 320 1614 ad
352 1562 757 1614 Christianorum
790 1563 1108 1615 ceremonias
1138 1564 1343 1627 attinet,
1386 1576 1573 1629 nempe
1602 1561 1940 1629 baptismum,

57 1653 266 1690 coenam
306 1639 646 1702 dominicam,
690 1639 846 1706 festa,
887 1641 1144 1692 orationes
1184 1647 1413 1692 externas
1448 1643 1569 1693 etsi
1608 1653 1740 1706 quae
1778 1638 1945 1690 adbuc

56 1717 198 1779 aliae,
242 1730 378 1784 quae
398 1717 488 1768 toti
509 1715 900 1770 Christianismi)
920 1731 1227 1770 communes
1246 1725 1371 1770 sunt
1388 1725 1695 1785 semperque
1714 1715 1939 1779 suerunt,

12 1818 30 1865 r
56 1797 98 1845 si
117 1810 210 1846 eae
227 1808 465 1861 unquam
486 1809 515 1845 a
536 1793 738 1847 Christo
757 1803 848 1846 aut
865 1794 930 1845 ab
949 1795 1199 1863 apostolis
1220 1796 1485 1847 institutae
1504 1802 1629 1847 sunt
1658 1795 1820 1861 (quod
1850 1794 1945 1846 ad-

12 1924 14 1929 ,
55 1873 152 1923 hnc
186 1870 314 1923 mibi
344 1886 447 1922 non
475 1873 602 1922 satis
631 1873 886 1940 constat),
926 1886 1014 1924 eae
1044 1888 1148 1923 non
1169 1874 1273 1923 nisi
1293 1881 1350 1925 ut
1368 1871 1675 1925 universalis
1702 1872 1947 1923 ecciesiae

12 2008 14 2017 Ι
55 1951 200 2016 signa
219 1955 428 2000 externa
445 1949 711 2001 institutae
732 1956 885 2011 sunt,
919 1963 1020 2000 non
1041 1955 1213 2001 autem
1233 1957 1291 2000 ut
1308 1964 1417 2014 res,
1461 1965 1595 2016 quae
1623 1949 1687 2000 ad
1720 1948 1946 2001 beatitu-

56 2026 230 2076 dinem
267 2024 468 2091 aliquid
505 2024 701 2077 faciunt
738 2025 814 2077 vei
852 2040 984 2092 quae
1021 2025 1218 2092 aliquid
1258 2028 1629 2077 sanctimoniae
1665 2027 1717 2077 in
1756 2040 1813 2078 se
1852 2027 1947 2077 ha-

55 2103 234 2155 beant.
306 2102 394 2153 33.
434 2102 607 2165 Quare
628 2102 866 2168 quamvis
897 2102 992 2154 bae
1021 2104 1339 2155 ceremoniae
1364 2117 1469 2154 non
1501 2104 1691 2155 ratione
1720 2104 1943 2171 imperii,

57 2182 250 2231 ratione
277 2184 452 2231 tomen
469 2179 697 2245 integrae
716 2180 976 2231 societatis
995 2186 1199 2232 tantum
1229 2181 1493 2232 institutae
1521 2186 1669 2241 sunt;
1712 2179 1945 2245 adeoque

57 2257 168 2318 iiie,
201 2257 296 2323 qui
315 2256 457 2307 solus
479 2256 620 2319 vivit,
657 2255 719 2307 iis
739 2256 955 2307 minime
973 2262 1202 2318 tenetur,
1227 2258 1359 2320 imo,
1392 2257 1557 2322 quiin
1578 2257 1821 2323 imperio,
1856 2255 1945 2306 ubi

19 2338 26 2345 '
55 2334 348 2385 Christiana
369 2333 548 2399 religio
567 2332 894 2384 interdictum
915 2338 1022 2395 est,
1059 2334 1183 2385 vivit
1201 2373 1215 2396 ,
1256 2335 1303 2385 is
1330 2333 1396 2385 ab
1425 2332 1507 2385 bis
1526 2334 1833 2385 ceremoniis
1852 2332 1948 2383 ab-

53 2411 252 2462 stinere
281 2415 516 2473 tenetur,
555 2417 606 2461 et
634 2410 797 2461 nihiio
826 2411 1000 2463 minus
1019 2411 1208 2478 poterit
1224 2409 1371 2461 beate
1392 2411 1574 2463 vivere.
1648 2411 1735 2460 34.
1773 2409 1947 2459 Huius

58 2490 126 2539 rei
158 2487 453 2553 exemplum
482 2488 535 2537 in
565 2501 720 2553 regno
749 2488 1118 2555 Iaponensium
1148 2486 1391 2549 babetur,
1432 2486 1523 2537 ubi
1546 2486 1830 2537 Christiana
1860 2500 1946 2537 re-

59 2565 177 2629 ligio
197 2562 467 2615 interdieta
487 2570 591 2628 est,
624 2570 674 2614 et
694 2563 907 2630 Belgae,
939 2564 1028 2630 qui
1049 2563 1120 2614 ibi
1141 2562 1394 2629 habitant,
1436 2578 1495 2615 ex
1516 2563 1757 2615 mandato
1777 2564 1949 2614 socie—

59 2643 178 2692 tatis
208 2639 390 2693 lndiae
419 2640 696 2692 orientalis
725 2640 790 2691 ab
820 2643 962 2692 omni
993 2648 1197 2692 externo
1226 2640 1367 2691 cuitu
1395 2637 1654 2692 abstinere
1685 2645 1945 2692 tenentur.

61 2721 165 2768 Nec
201 2718 301 2768 boc
335 2716 435 2769 alia
469 2718 766 2769 auctoritate
802 2718 904 2768 iam
939 2717 1239 2769 confirmare
1267 2723 1415 2783 puto.
1485 2718 1553 2768 Et
1578 2718 1811 2783 quamvis
1842 2732 1945 2769 non

60 2794 268 2847 difficile
297 2792 426 2847 foret
451 2794 549 2845 boc
577 2794 750 2861 ipsum
780 2795 934 2846 etiam
955 2810 1014 2847 ex
1033 2793 1387 2847 fundamentis
1406 2796 1521 2846 novi
1540 2796 1831 2846 testamenti
1852 2794 1948 2847 de-

62 2872 282 2933 ducere,
321 2878 373 2923 et
390 2871 519 2923 sorte
540 2871 924 2939 ciarisinsuper
954 2872 1263 2923 testimoniis
1292 2870 1589 2936 ostendere,
1631 2872 1753 2923 baec
1773 2878 1946 2923 tamen

60 2948 312 3001 libentius
331 2948 494 3000 missa
513 2948 644 3001 facio
658 2987 673 3012 ,
712 2950 838 3015 quia
851 2948 917 3001 ad
937 2948 1038 3001 alia
1056 2949 1269 3001 festinat
1287 2949 1512 2999 animus.
1584 2951 1746 3016 Pergo
1774 2951 1947 3015 itaque

61 3025 126 3075 ad
157 3025 236 3089 id,
281 3024 346 3077 de
373 3040 479 3093 qno
507 3024 737 3077 secundo
755 3025 867 3077 ioco
885 3026 940 3077 in
959 3028 1054 3078 boc
1074 3026 1239 3092 capite
1266 3039 1415 3091 agere
1442 3026 1710 3088 constitni;
1752 3026 1949 3078 scilicet

64 3101 304 3171 quibus
357 3110 420 3153 et
470 3116 593 3169 qua
646 3104 892 3155 ratione
945 3103 1110 3155 fides
1163 3102 1584 3154 historiarum
1628 3104 1689 3154 in
1739 3102 1953 3155 sacris.

131 3187 364 3257 Spinoza
399 3189 491 3239 111.
943 3264 950 3281 ι
1250 3222 1261 3233 ·
1490 3187 1521 3239 6
