2350 3475
811 135 950 182 car.
1003 135 1191 183 xvm·
1816 133 1943 195 245

27 309 354 366 decretandi
367 347 384 374 ,
423 311 518 364 sed
536 317 738 364 tautum
756 319 964 366 assueta
979 319 1032 366 et
1051 318 1255 380 recepta
1276 310 1671 366 administrandi
1690 320 1743 366 et
1760 313 1945 366 deren-

28 389 235 442 dendi.
309 389 440 440 Nam
469 388 613 441 nulla
640 389 741 442 alia
769 390 964 442 ratione
1001 389 1291 442 libertatem
1321 403 1470 441 snam
1498 389 1675 442 invitis
1697 391 1945 458 principi·

27 465 148 517 bus
195 478 503 517 conservare
538 472 650 517 tuto
689 473 948 534 poterant,
991 466 1093 518 nisi
1131 466 1275 532 leges
1308 467 1635 534 incorruptas
1668 469 1939 520 servando.

27 543 88 593 8.
136 543 216 594 At
244 548 524 609 postquam
551 549 857 609 potestatem
885 545 1040 594 etiam
1066 543 1132 595 ad
1161 544 1366 610 imperii
1398 543 1601 609 negotia
1622 543 1941 597 tractandum

29 621 248 685 iusque
279 618 602 686 principatus
631 621 765 671 iuxta
796 620 1152 688 pontificatum
1180 619 1355 686 adepti
1382 627 1536 681 sunt,
1578 623 1945 687 uuusquisque

31 701 158 746 tam
201 697 260 746 in
301 695 575 761 religione,
611 709 770 762 quam
805 698 860 749 in
892 697 1105 764 reliquis
1133 697 1219 748 sni
1250 698 1479 749 nominis
1506 697 1723 764 gloriam
1754 699 1947 765 incepit

31 785 334 838 quaerere,
375 773 548 823 omnia
585 772 784 825 scilicet
810 774 1092 841 pontificali
1131 776 1431 826 auctoritate
1467 773 1861 827 determinando
1894 781 1947 826 et

36 847 294 912 quotidie
313 861 444 900 nova
464 848 528 902 de
543 851 850 902 ceremoniis
865 889 880 914 ,
911 851 975 903 de
995 851 1095 903 fide
1113 858 1167 903 et
1184 849 1429 902 omnibus
1447 851 1757 904 decretando
1770 889 1787 915 ,
1810 865 1947 917 quae

31 939 160 978 non
191 925 370 976 minus
397 939 572 987 sacra,
611 941 712 978 nec
738 928 954 980 minoris
973 928 1295 980 auctoritatis
1314 941 1429 979 asse
1446 928 1749 990 voluerunt,
1786 942 1945 994 qnam

36 1001 202 1067 leges
229 1003 418 1054 Mosis.
492 1004 544 1054 9.
581 1003 658 1056 Ex
689 1019 794 1071 quo
822 1006 1042 1070 factum,
1083 1011 1143 1056 ut
1159 1004 1338 1070 religio
1355 1006 1411 1056 in
1427 1004 1741 1058 exitiabilem
1758 1019 1948 1070 super-

33 1080 326 1130 stitionem
356 1078 659 1143 declinaret,
699 1088 752 1134 et
777 1081 952 1148 legum
979 1095 1130 1134 verus
1161 1095 1353 1134 sensus
1378 1088 1428 1132 et
1455 1081 1809 1147 interpretatio
1828 1096 1949 1133 cor-

33 1161 414 1222 rumperetur:
451 1156 519 1208 ad
548 1157 686 1223 quod
721 1159 876 1210 etiam
905 1161 1144 1222 accessit,
1188 1158 1329 1225 quod
1358 1158 1483 1210 dnm
1514 1157 1785 1224 pontifices
1813 1159 1943 1209 viam

37 1232 110 1282 ad
137 1232 492 1298 principatum
523 1233 576 1284 in
595 1235 742 1286 initio
765 1237 1158 1289 restaurationis
1175 1233 1501 1296 affectabant,
1532 1234 1726 1296 omnia,
1756 1240 1815 1284 ut
1830 1235 1949 1300 pie-

38 1308 180 1361 bem
216 1306 282 1358 ad
317 1323 378 1360 se
413 1309 700 1374 traherent,
739 1313 1168 1374 assentabantur;
1208 1311 1376 1379 plebis
1412 1311 1610 1362 scilicet
1646 1310 1807 1372 facta,
1846 1310 1945 1362 etsi

39 1387 242 1452 impia,
255 1384 590 1452 approbando
609 1394 660 1438 et
669 1389 986 1455 scripturam
1005 1391 1251 1457 pessimis
1272 1390 1385 1441 eius
1407 1386 1644 1440 moribus
1653 1401 1947 1439 accommo-

43 1461 255 1514 dando.
329 1463 413 1516 10.
452 1462 606 1524 Quod
635 1465 847 1530 quidem
865 1467 1149 1520 malachias
1169 1467 1235 1519 de
1254 1467 1321 1519 iis
1341 1465 1757 1532 conceptissimis
1776 1463 1947 1517 verbis

46 1545 302 1592 testatur.
373 1541 428 1590 Is
455 1540 622 1604 enim,
663 1549 937 1608 postquam
957 1544 1255 1596 sacerdotes
1272 1544 1357 1596 sui
1386 1542 1638 1609 temporis
1667 1541 1943 1608 increpuit,

46 1629 148 1666 eos
179 1615 278 1667 Dei
309 1617 540 1668 nominis
570 1624 950 1685 contemptores
981 1620 1314 1686 appellando,
1358 1621 1435 1672 sic
1453 1634 1543 1672 eos
1562 1618 1807 1684 castigare
1828 1633 1951 1685 per·-

51 1695 136 1759 git
154 1693 237 1757 ι);
283 1691 458 1745 habia
491 1696 767 1761 pontificis
811 1695 1116 1749 custodiunt
1153 1699 1433 1749 scient-iam
1466 1702 1521 1749 et
1554 1697 1645 1748 lecc
1680 1711 1751 1748 ex
1783 1697 1950 1763 ipsiius

50 1785 148 1820 ore
175 1772 464 1835 quaeritur
471 1806 488 1835 ‚
529 1774 660 1837 quia
677 1772 784 1825 Dei
807 1776 1084 1825 mensurius
1101 1780 1200 1825 ert.
1270 1775 1347 1826 At
1362 1790 1453 1827 vos
1472 1776 1761 1827 recessistis
1778 1788 1813 1824 a
1832 1776 1947 1836 via,-

45 1846 288 1913 socisti's,
310 1851 376 1897 ut
391 1846 482 1899 lex
496 1849 679 1899 multia
699 1856 836 1903 earet
854 1851 1205 1917 offendiculo,-
1232 1857 1455 1919 pactum
1475 1851 1603 1903 Levi
1618 1852 1946 1917 corrupistis,

52 1925 140 1972 ait
155 1922 307 1973 Deus
322 1926 675 1977 exercituum.
710 1927 778 1979 Et
796 1927 872 1979 sic
891 1943 1044 1997 porro
1067 1943 1156 1980 eos
1178 1942 1421 1980 accusare
1440 1929 1623 1995 pergit,
1648 1928 1787 1993 quod
1806 1926 1951 1991 leges

51 1998 118 2049 ad
141 1997 356 2050 libitum
377 2000 877 2068 interpretabantur,
917 2012 970 2057 et
987 2004 1181 2057 nullam
1200 2006 1299 2057 Dei
1316 2006 1567 2057 rationem
1582 2042 1595 2065 ,
1634 2004 1728 2057 sed
1750 2012 1949 2055 tanturn

54 2088 408 2141 personarum
429 2076 704 2130 habebant.
781 2080 865 2132 11.
901 2080 975 2133 At
999 2089 1197 2134 certum
1217 2088 1326 2143 est,
1348 2080 1622 2148 pontifices
1638 2081 1767 2133 haec
1784 2096 1949 2132 nnm-

53 2166 222 2217 quam
243 2159 350 2203 tam
371 2159 518 2205 caute
537 2152 703 2207 facere
723 2158 984 2223 potuisse,
1023 2166 1082 2211 ut
1100 2174 1129 2209 a
1149 2157 1569 2224 prudentioribus
1589 2173 1691 2209 non
1712 2158 1951 2209 animad-

53 2235 404 2293 verterentur,
427 2231 520 2295 qui
541 2232 758 2297 proinde
772 2270 785 2295 ,
809 2243 1069 2287 crescente
1089 2235 1301 2287 andacia
1316 2274 1331 2299 ,
1353 2234 1757 2297 contenderunt,
1780 2234 1951 2285 nullas

56 2307 192 2359 alias
221 2306 364 2371 leges
383 2306 546 2357 teneri
569 2306 784 2372 debere,
827 2325 984 2376 quam
1005 2326 1140 2378 quae
1157 2314 1377 2379 scriptae
1396 2316 1569 2372 erant;
1608 2318 1835 2363 ceterum
1856 2311 1951 2363 de-

57 2389 228 2442 creta,
269 2396 404 2448 quae
433 2382 633 2450 decepti
652 2386 917 2439 Pharisaei
939 2389 1084 2456 (qui,
1118 2397 1179 2440 ut
1196 2389 1449 2456 Iosephus
1464 2389 1517 2439 in
1538 2387 1951 2453 Antiquitatibus

57 2458 221 2511 babet
231 2458 307 2522 ²),
322 2472 381 2509 ex
399 2462 662 2513 communi
683 2462 836 2530 plebe
859 2466 1076 2517 maxime
1095 2464 1424 2531 constabant)
1436 2464 1734 2517 traditiones
1746 2472 1951 2531 patrum

55 2534 340 2600 vocabant,
379 2536 596 2589 minime
615 2539 954 2594 custodienda
973 2555 1110 2593 esse.
1183 2542 1274 2607 12.
1312 2542 1571 2609 Quicquid
1592 2540 1776 2604 fuerit,
1806 2542 1951 2593 nullo

59 2612 222 2665 modo
249 2626 535 2679 possumus
565 2615 828 2681 dubitare,
860 2620 990 2684 quin
1008 2618 1317 2686 pontificum
1337 2620 1563 2672 adulatio
1579 2658 1594 2683 ,
1619 2618 1879 2684 religionis
1898 2626 1951 2671 et

59 2692 238 2755 legum
260 2691 522 2757 corruptio
537 2730 552 2755 ,
589 2691 877 2762 harumque
895 2694 1216 2748 incredibilis
1233 2699 1579 2763 augmentatio
1600 2710 1835 2761 magnam
1854 2698 1951 2749 ad-

62 2766 286 2819 modum
335 2773 388 2819 et
431 2768 754 2835 frequentem
791 2774 1118 2825 occasionem
1153 2772 1387 2825 dederint
1424 2772 1865 2843 disputationibus
1900 2781 1953 2825 et

65 2842 506 2909 altercationibus,
530 2859 663 2912 quae
682 2862 967 2915 numquam
987 2851 1225 2919 componi
1244 2857 1540 2917 potuerunt.
1586 2853 1719 2907 Nam
1736 2850 1827 2904 ubi
1844 2851 1946 2902 bo-

172 3038 217 3089 1)
247 3036 346 3083 Vid.
369 3037 569 3083 Malacb.
588 3040 631 3096 2,
651 3042 692 3083 t.
711 3042 753 3084 8.

169 3099 215 3151 2)
243 3096 344 3143 vid.
364 3096 552 3155 loseph.
572 3100 677 3144 Ant.
699 3101 766 3159 15,
788 3103 852 3145 10.
