2350 3475
326 114 367 190 2
378 117 403 176 Ι
413 117 460 177 4
731 119 1121 169 ‘ruacTA‘rUS
1157 119 1326 180 ⁹1}qu
1332 119 1559 176 &0610ss
1570 147 1594 158 -
1606 120 1820 166 Pom‘r.

329 311 634 360 noscamus,
672 300 811 354 scire
847 299 952 352 iam
985 313 1120 368 opus
1154 305 1263 362 est,
1302 297 1443 352 nude
1476 295 1651 357 ortum
1682 297 1957 355 habuerint
1984 303 2240 362 etsaepe

331 367 578 438 habeant}
599 376 651 430 id
669 378 808 428 enim
821 392 880 430 ex
894 376 1047 440 modo
1061 377 1287 429 ostensis
1302 376 1431 428 satis
1443 389 1706 448 superque
1722 382 1943 429 constat.
1980 374 2069 426 38.
2090 375 2241 426 Nam
2312 421 2314 432 ,

330 453 871 528 ᾳμίεᾳιιίε,ειιωωιιιι
907 453 1062 508 habet
1096 459 1433 520 potestatem..
1472 454 1581 508 sive
1607 467 1745 506 unus
1774 452 1871 515 sit,
1912 452 2019 504 sive
2048 451 2235 518 pauci,

330 530 436 582 sive
465 531 692 597 denique
721 545 932 595 omnmo,
971 539 1170 587 eertum
1198 538 1305 595 est,
1346 531 1393 585 ei
1424 544 1692 582 summum
1720 530 1805 582 ius
1832 527 2085 594 quiequid
2102 527 2242 580 velit
2314 547 2316 570 :

332 607 653 672 imperandi,
692 615 1014 674 competer03
1053 616 1104 660 et
1130 615 1390 674 praeterea
1418 603 1664 674 quisquis
1693 614 2001 674 potestatem
2038 620 2099 658 se
2134 605 2239 656 de-

330 682 576 738 fendendi
595 684 700 736 sive
721 691 907 750 sponte
923 725 938 748 ‚
976 687 1083 738 sive
1100 685 1147 735 vi
1167 691 1377 738 coaetus
1397 687 1453 736 in
1473 685 1633 736 alium
1652 682 1947 744 transtulit,
1986 697 2111 736 eum
2132 697 2239 733 suo

330 763 444 813 iure
462 760 677 812 naturali
701 760 854 826 plane
873 763 1128 824 cessisse,
1169 769 1221 814 et
1238 767 1616 828 consequenter
1634 760 1803 813 eidem
1828 759 1894 812 ad
1926 760 2101 811 omnia
2134 759 2241 810 ab·-
2316 747 2318 774 ³

330 838 501 889 solute
521 852 697 903 parere
719 838 1035 900 decrevisse3
1075 837 1217 905 quod
1237 839 1411 890 omnia
1429 845 1689 904 praestare
1709 843 1927 899 tenetur,
1958 849 2116 902 quam
2138 836 2239 888 diu

331 928 444 976 rex,
502 915 608 966 sive
646 913 878 980 nobile8‚
935 917 1043 968 sive
1091 916 1319 983 populus
1358 929 1645 974 summam,
1703 928 1860 980 quam
1898 921 2231 980 aeceperunt,

331 998 666 1058 potestatem,
705 1007 840 1058 quae
870 993 998 1044 iuris
1034 990 1381 1045 transferendi
1417 991 1817 1044 fundamentum
1846 989 1945 1044 fuit
1958 1027 1983 1054 ,.
2011 1003 2237 1042 conser-

331 1075 450 1136 yant
461 1070 534 1132 *).
605 1071 712 1122 Nec
729 1068 814 1140 his
833 1069 979 1136 plura
998 1069 1189 1122 addere
1214 1085 1349 1137 opus
1369 1077 1469 1122 est.

434 1146 518 1198 39.
559 1147 768 1212 Imperii
806 1146 1162 1200 fundamentis
1200 1155 1249 1200 et
1278 1148 1391 1199 iure
1422 1147 1651 1198 ostensis
1682 1144 1833 1196 facile
1860 1145 1957 1196 erit
1982 1143 2235 1196 determi-

330 1235 478 1282 nare,
519 1223 644 1289 quid
666 1224 748 1275 ius
769 1224 914 1276 civile
945 1225 1229 1290 privatum,
1270 1223 1397 1290 quid
1431 1223 1647 1286 iniuria,
1689 1221 1815 1288 quid
1847 1215 2045 1274 institia
2066 1227 2117 1271 et
2140 1222 2233 1272 in-
2312 1233 2323 1252 Ἴ

331 1299 533 1351 iustitia
551 1301 602 1352 in
625 1307 762 1352 statu
784 1300 917 1352 civili
937 1302 1036 1363 sit3
1079 1301 1271 1352 deinde
1290 1302 1409 1366 quis
1428 1299 1853 1360 eonfoederatus,
1894 1299 2019 1364 quie
2036 1291 2231 1360 hostis,

332 1381 382 1425 et
407 1374 533 1441 quid
560 1369 785 1442 denique
813 1377 1012 1430 crimen
1041 1377 1529 1430 laesaemaiestatis
1558 1377 1647 1428 sit.
1720 1376 1807 1428 40.
1848 1376 1949 1426 Per
1974 1378 2060 1426 ius
2088 1377 2233 1426 enim

333 1453 488 1502 civile
511 1456 786 1519 privatum
814 1454 938 1506 nihil
967 1452 1111 1506 aliud
1142 1455 1428 1520 intelligere
1463 1467 1779 1521 possumne,
1837 1467 1993 1518 quam
2031 1453 2229 1504 unius-

333 1530 596 1595 cuiusque·
623 1530 914 1582 libertatem
953 1530 1018 1582 ad
1055 1545 1172 1582 sese
1211 1531 1275 1582 in
1304 1546 1403 1583 suo
1440 1537 1579 1582 statu
1615 1530 2053 1590 conservandum,
2092 1543 2229 1593 quae

333 1605 514 1658 edictis
533 1621 770 1660 summae
789 1607 1058 1674 potestatis
1079 1607 1471 1670 determinatur,
1502 1607 1719 1674 solaque
1740 1605 1975 1659 eiusdem
1996 1605 2229 1656 auctori-

335 1689 437 1735 tate
457 1682 768 1747 defenditur.
827 1685 960 1737 Nam
979 1691 1259 1751 postquam
1279 1685 1645 1751 unusquisque
1662 1684 1747 1737 ius
1766 1697 1919 1734 suum
1940 1695 2001 1732 ex
2020 1682 2227 1749 proprio

336 1758 656 1826 beneplacito
685 1761 913 1824 vivendi,
956 1776 1061 1827 quo
1091 1762 1203 1813 sola
1231 1776 1325 1813 sua
1358 1769 1608 1828 potestate
1628 1759 2090 1822 determinabatur,
2127 1758 2227 1811 hoe

334 1843 439 1898 est,
479 1850 628 1887 suam
658 1836 1021 1905 libertatem-et
1048 1838 1329 1904 potentiam
1358 1853 1417 1890 se
1446 1837 1759 1892 defendendi
1784 1838 1838 1889 in
1865 1835 2027 1888 alium
2055 1842 2229 1888 trans-

336 1911 480 1975 tulit,
513 1926 572 1963 ex
588 1912 698 1965 sola
717 1913 858 1965 illius
879 1914 1074 1965 ratione
1095 1914 1199 1965 iam
1220 1916 1387 1967 vivere
1408 1922 1607 1967 tenetur
1625 1922 1677 1967 et
1694 1914 1805 1967 solo
1826 1912 2058 1965 eiusdem
2079 1927 2229 1979 prae-

337 1988 474 2041 sidio
502 2004 560 2041 se
588 1989 884 2043 defendere.
956 1990 1044 2043 41.
1079 1992 1289 2043 Iniuria
1318 1998 1426 2053 est,
1464 2006 1629 2058 quum
1658 1992 1782 2043 civis
1804 1989 1879 2061 vel
1898 1986 2143 2041 subditus
2162 1988 2227 2039 ab

335 2064 435 2117 alio
464 2065 674 2133 aliquod
704 2066 955 2119 damnum
985 2064 1277 2121 contraius
1304 2069 1449 2121 civile
1476 2070 1585 2121 sive
1618 2067 1843 2121 edietum
1868 2079 2107 2117 summae
2132 2080 2228 2131 po-

336 2144 536 2194 testatis
566 2144 673 2210 pati
701 2145 920 2209 cogitur.
990 2146 1184 2198 Iniuria
1221 2146 1359 2197 enim
1388 2161 1491 2198 non
1523 2146 1623 2197 nisi
1652 2147 1705 2197 in
1732 2152 1869 2197 statu
1897 2142 2029 2195 civili
2060 2148 2229 2209 potest

337 2221 566 2286 concipi;
615 2221 709 2273 sed
748 2235 918 2286 neque
955 2236 984 2273 a
1021 2223 1245 2275 summis
1281 2222 1655 2289 potestatibu8‚
1694 2220 1887 2288 quibus
1915 2222 2029 2271 iure
2058 2218 2225 2271 omnia

337 2296 520 2359 licent,
560 2296 664 2348 ulla
683 2296 794 2349 fieri
812 2306 982 2365 potest
999 2299 1251 2361 subditi83
1296 2315 1417 2367 ergo
1436 2301 1489 2351 in
1511 2300 1721 2367 privatis
1740 2304 1939 2351 tantum
1954 2336 1969 2358 ‚
2008 2296 2101 2363 qui
2117 2296 2226 2347 iure

337 2382 578 2441 tenentur
598 2374 814 2427 invicem
837 2391 938 2428 non
961 2376 1191 2439 laedere,
1232 2377 1403 2429 locum
1424 2377 1613 2429 habere
1630 2382 1820 2442 potest.
1892 2374 1981 2431 42.
2022 2373 2225 2425 laetitia

330 2458 418 2506 ,est
445 2451 603 2503 animi
633 2454 920 2505 constantia
952 2451 1211 2518 tribuendi
1242 2454 1551 2519 unicuique,
1593 2454 1733 2519 quod
1766 2454 1813 2505 ei
1850 2466 1911 2505 ex
1946 2449 2225 2503 iureeirili

329 2530 602 2594 eompetit.
658 2530 932 2581 Iniustitia
945 2538 1122 2584 autem
1148 2537 1231 2581 est
1246 2531 1417 2597 specie
1435 2530 1563 2582 iuris
1582 2530 1735 2583 alicui
1754 2528 2047 2588 detrahere,
2088 2526 2223 2593 quod

339 2605 386 2656 ei
408 2619 467 2655 ex
485 2620 601 2656 vera
618 2605 791 2671 legum
811 2608 1228 2672 interpretatione
1250 2606 1510 2671 competit.
1584 2606 1845 2657 Vocantur
1872 2606 2024 2656 etiam
2050 2604 2225 2669 aequi-

337 2689 417 2732 tas
438 2688 488 2733 et
506 2682 774 2749 iniquitaS,
802 2684 921 2747 quia
944 2685 1033 2750 qui
1057 2684 1320 2736 constituti
1344 2690 1466 2734 sunt
1483 2680 1681 2734 ad'lites
1696 2681 2013 2733 dirimendas
2030 2680 2223 2732 nullum

329 2766 631 2824 ‚respectum
661 2771 998 2823 personarum
1017 2799 1031 2821 ,
1073 2760 1168 2813 sed
1196 2773 1377 2811 omnes
1405 2758 1647 2825 aequales
1668 2757 1857 2810 habere
1876 2764 2139 2819 tenentur,
2177 2764 2227 2807 at

229 2856 236 2859 ·
333 2836 424 2899 ,ius
461 2835 878 2901 uniuscuiusque
914 2851 1078 2903 aeque
1116 2835 1425 2895 defendere:
1464 2850 1567 2888 non
1600 2835 1739 2887 diviti
1768 2834 2025 2897 invidere,
2064 2847 2225 2899 neque

342 2926 620 2979 pauperem
643 2918 994 2965 contemnere.
1063 2913 1153 2966 43.
1192 2912 1570 2978 Gorffoodemti
1594 2918 1721 2964 sunt
1747 2911 1983 2963 homines
2012 2911 2223 2961 duarum

373 3058 378 3064 ⁴
446 3080 487 3131 ⁸)
526 3077 726 3123 Uberius
747 3079 835 3126 liae
853 3080 912 3125 de
933 3092 983 3126 re
1003 3081 1229 3128 disseruit
1246 3082 1446 3139 Spinoza
1466 3084 1513 3127 in
1534 3086 1665 3128 traet.
1688 3080 1818 3137 polit.
1847 3091 1951 3135 cap.
1970 3080 2127 3123 σ-ιο,

2284 0 2313 226 l
