2350 3475
393 99 476 164 68
794 105 1185 152 ΤΒΔΟΤΔΤΠδ
1222 102 1621 152 'rnnomfflco
1634 131 1659 142 -
1668 105 1877 153 PQLIT.

392 284 590 348 ederet,
630 288 683 334 at
707 297 812 334 non
832 283 1194 334 necessitatem
1222 281 1601 334 consecutionis
1628 281 1771 335 illius
1791 280 1928 332 mali.
2000 279 2095 335 27.
2141 280 2303 330 Unde

388 361 579 412 factum
619 367 727 423 est,
765 367 824 411 ut
857 359 1095 412 Adamas
1131 359 1272 410 illam
1308 360 1661 410 revelationem
1690 373 1796 409 non
1834 366 1891 409 ut
1927 366 2212 409 aeternam
2256 367 2303 406 et

387 438 733 488 necessariam
771 438 1031 489 veritatem
1068 438 1384 503 perceperit,
1445 436 1537 488 sed
1576 443 1634 487 ut
1668 435 1863 502 legem,
1919 435 2017 486 boc
2052 442 2170 498 est,
2244 443 2303 484 ut

385 515 714 576 institutum,
772 514 914 581 quod
961 513 1167 564 lucrum
1214 520 1303 565 aut
1338 513 1589 564 damnum
1626 514 1888 578 sequitur,
1928 527 2033 563 non
2082 526 2151 563 ex
2200 526 2301 562 ne-

387 592 626 642 cessitate
665 597 716 642 et
754 597 936 642 natura
972 591 1189 643 actionis
1227 597 1477 656 patratae,
1533 588 1627 641 sed
1662 604 1721 640 ex
1756 589 1865 640 solo
1902 589 2051 641 libitu
2094 595 2153 641 et
2193 588 2297 639 ab-

385 668 557 719 soluto
592 669 808 734 imperio
845 668 1064 720 alicuius
1102 668 1368 735 principis.
1440 667 1611 730 Quare
1646 666 1734 717 illa
1771 666 2007 719 revelatio
2036 675 2295 732 respectu

386 743 551 796 solius
588 745 780 797 Adami
814 753 865 796 et
899 752 1109 812 propter
1153 744 1324 796 solum
1376 743 1633 796 defectum
1680 744 1794 794 eius
1843 743 2162 808 cognitionis
2218 742 2295 792 lex

385 821 513 883 fuit,
551 823 802 888 Deusquc
832 823 984 888 quasi
1017 821 1281 887 legislator
1318 827 1409 872 aut
1446 821 1706 887 princeps.
1778 819 1867 874 28.
1897 820 1965 870 Et
1999 819 2100 870 bac
2130 821 2292 870 etiam

387 897 453 948 de
482 911 663 964 causa,
702 913 891 965 nempe
920 898 986 949 ob
1024 898 1283 950 defectum
1318 898 1656 964 cognitionis,
1696 896 1999 963 decalogus,
2039 904 2293 963 respectu

385 973 746 1026 Hebraeorum
783 983 1013 1037 tantum,
1052 975 1132 1026 lex
1168 974 1289 1026 fuit.
1368 975 1501 1027 Nam
1540 975 1787 1039 quoniam
1825 975 1920 1025 Dei
1953 973 2291 1025 existentiam

385 1057 448 1100 ut
483 1059 742 1104 aeternam
778 1053 1038 1104 veritatem
1081 1067 1184 1104 non
1222 1059 1501 1114 noverant,
1558 1051 1674 1103 ideo
1709 1051 1762 1102 id
1784 1088 1801 1115 ,
1861 1049 2001 1116 quod
2045 1050 2189 1118 ipsis
2238 1052 2289 1100 in

387 1127 631 1195 decalogo
663 1129 941 1182 revelatum
970 1129 1094 1191 fuit,
1136 1141 1323 1194 nempe
1352 1129 1521 1180 Deum
1553 1128 1768 1179 existere
1793 1130 2067 1193 Deumque
2109 1127 2287 1178 solum

387 1203 710 1259 adorandum
742 1221 888 1269 esse,
927 1214 1171 1272 tanquam
1202 1205 1367 1271 legem
1394 1206 1657 1272 percipere
1693 1204 2011 1264 debuerunt3
2053 1205 2200 1271 quod
2242 1206 2287 1254 si

385 1283 530 1334 Deus
551 1283 710 1334 nullis
730 1284 916 1335 mediis
935 1285 1195 1349 corporeis
1214 1281 1478 1343 adhibitis,
1518 1281 1610 1346 sed
1629 1283 1926 1334 immediate
1944 1283 2009 1333 iis
2028 1281 2286 1347 loquutus

385 1357 602 1423 fuisset,
640 1360 737 1411 boc
763 1361 939 1428 ipsum
969 1374 1075 1411 non
1107 1368 1353 1426 tanquam
1383 1359 1572 1425 legem,
1616 1359 1709 1410 sed
1738 1367 1982 1425 tanquam
2019 1367 2285 1410 aeternam

383 1438 650 1490 veritatem
690 1439 1060 1505 percepissent.
1149 1437 1238 1490 29.
1294 1437 1467 1503 Atque
1503 1436 1627 1498 boc,
1666 1436 1807 1502 quod
1844 1437 1910 1488 de
1946 1435 2201 1488 Israelitis
2238 1444 2287 1486 et

385 1511 590 1564 Adamo
619 1515 868 1578 dicimus,
910 1515 976 1565 de
1003 1513 1249 1565 omnibus
1286 1514 1439 1564 etiam
1479 1513 1769 1580 prophetis,
1812 1516 1900 1579 qui
1937 1514 2150 1565 nomine
2188 1513 2288 1563 Dei

383 1589 528 1652 leges
548 1592 898 1656 scripserunt,
931 1589 1236 1653 dicendum,
1258 1589 1521 1653 videlicet,
1546 1589 1686 1656 quod
1704 1591 1801 1642 Dei
1822 1590 2019 1641 decreta
2052 1605 2158 1641 non
2186 1592 2286 1641 ad-

387 1673 602 1729 aequate
631 1673 692 1716 ut
721 1673 955 1716 aeternas
983 1667 1221 1718 veritates
1250 1674 1606 1733 perceperunt.
1677 1668 1769 1718 Ex.
1792 1683 1868 1734 gr.
1903 1668 1965 1719 de
1996 1669 2113 1732 ipso
2133 1668 2287 1720 Mose

387 1741 542 1792 etiam
579 1741 857 1794 dicendum
897 1750 1006 1803 est,
1045 1758 1165 1794 eum
1200 1759 1260 1794 ex
1294 1746 1601 1798 revelatione
1634 1745 1713 1797 vel
1752 1760 1811 1796 ex
1848 1744 2203 1797 fundamentis
2238 1747 2283 1794 ei

389 1817 626 1869 revelatis
661 1819 957 1886 percepisse
995 1820 1239 1883 modum,
1289 1836 1391 1887 quo
1432 1823 1659 1891 populus
1696 1821 2014 1873 Israeliticus
2050 1822 2105 1873 in
2145 1831 2283 1873 certa
2323 1858 2324 1863 κ

385 1893 572 1944 mundi
599 1895 748 1961 plaga
779 1898 972 1963 optime
1001 1898 1134 1948 uniri
1162 1907 1363 1964 posset,
1404 1910 1484 1952 eti
1530 1908 1719 1966 tegram
1744 1899 2039 1950 societatem
2060 1896 2280 1949 formare
2323 1898 2324 1955 ξ

387 1970 495 2021 sive
521 1972 797 2038 imperium
829 1975 1052 2040 erigere;
1093 1974 1280 2026 deinde
1314 1977 1556 2030 etiamm
1598 1977 1749 2038 dum,
1789 1990 1894 2042 quo
1930 1976 2017 2027 ille
2049 1976 2279 2065 populus
2323 1978 2324 1981 ’

386 2048 580 2114 optime
609 2056 790 2115 posset
814 2053 927 2117 cogi
946 2051 1010 2102 ad
1031 2050 1413 2115 obediendum,
1453 2055 1599 2106 sedn
1691 2054 2015 2119 percepisse,
2057 2067 2149 2103 nec
2178 2052 2279 2118 ipsi

385 2124 666 2177 revelatum
687 2126 869 2190 fuisse,
911 2127 1126 2179 modum
1147 2128 1296 2179 illum
1316 2130 1569 2195 optimum
1591 2148 1675 2185 ess
1751 2144 1921 2195 neque
1940 2131 2114 2193 etiam,
2137 2128 2278 2195 quod
2321 2124 2322 2151 ³

389 2214 450 2253 ex
478 2204 655 2269 populi
683 2206 945 2255 communi
975 2204 1268 2257 obedientia
1296 2208 1350 2257 in
1378 2206 1463 2257 tuli
1494 2210 1673 2261 mundi
1704 2208 1848 2277 plaga
1879 2208 2166 2259 necessario
2188 2221 2277 2257 se-

389 2286 635 2346 queretur
669 2294 889 2347 scopus,
929 2281 995 2333 ad
1034 2297 1191 2348 quem
1229 2283 1575 2335 collimabant.
1666 2282 1765 2339 30
1762 2285 2121 2349 Quapropter
2151 2283 2275 2333 baec
2318 2326 2320 2331 .

387 2358 562 2409 omnia
589 2371 692 2409 non
720 2365 779 2409 ut
807 2365 1036 2411 aeternas
1056 2361 1321 2422 veritates,
1360 2359 1450 2411 sed
1472 2368 1531 2411 ut
1549 2360 1815 2437 praecepta
1834 2368 1883 2412 et
1904 2360 2138 2412 instituta
2156 2374 2277 2426 per-

387 2435 548 2501 cepit,
589 2442 639 2486 et
669 2443 910 2500 tanquam
940 2437 1036 2487 Dei
1065 2436 1204 2503 leges
1233 2438 1589 2503 praescripsit;
1630 2445 1680 2489 et
1706 2438 1791 2491 bin
1851 2436 2049 2488 sactum
2076 2444 2177 2497 est,
2220 2443 2277 2486 ut
2319 2432 2320 2437 ’

387 2511 555 2562 Deum
578 2519 851 2574 rectorem,
883 2514 1260 2578 legislatorem,
1291 2528 1492 2579 regem,
1517 2515 1812 2569 misericord
1916 2514 2153 2576 ,iustum
2174 2521 2269 2564 etc.

385 2588 779 2653 imaginaretur,
821 2603 982 2655 quum
1012 2597 1183 2643 tamen
1213 2590 1337 2643 baec
1366 2591 1539 2642 omnia
1568 2592 1732 2643 solius
1765 2594 1834 2647 bu
1898 2605 2029 2642 anae
2067 2597 2271 2643 naturae
2316 2600 2318 2625 =

387 2664 496 2713 sint
515 2666 754 2718 attributa
783 2676 834 2717 et
863 2680 893 2717 a
920 2673 1102 2719 natura
1133 2668 1304 2720 divina
1337 2682 1549 2736 prorsus
1578 2674 1848 2724 removend
1978 2668 2153 2733 Atque
2180 2665 2271 2718 boc
2316 2682 2318 2691 ²

387 2738 602 2805 inquam
630 2743 694 2795 de
721 2744 847 2795 solis
876 2744 1138 2811 prophetis
1168 2745 1477 2813 dicendum,
1520 2748 1608 2813 qui
1636 2751 1843 2801 nomine
1914 2744 1961 2796 ci
1983 2744 2127 2810 leges
2146 2746 2241 2795 scri

384 2824 620 2882 pserunt,
645 2832 747 2871 non
767 2829 941 2873 antem
965 2822 1028 2873 de
1050 2822 1275 2874 Christo.
1346 2822 1434 2876 31.
1469 2826 1548 2877 De
1566 2824 1769 2877 Christo
1792 2830 1950 2885 enin
1976 2822 2211 2886 quumvis
2231 2836 2271 2871 ¹⁸

387 2894 541 2943 etiam
562 2895 790 2947 videatur
807 2898 946 2965 leges
964 2900 1060 2951 Dei
1080 2900 1287 2953 nomine
1306 2901 1600 2991 scripsisse,
1624 2903 1931 2957 sentiendm
1982 2904 2155 2950 tamen
2176 2907 2267 2961 est

386 2982 505 3019 eum
527 2984 610 3020 res
627 2985 741 3023 vere
761 2979 811 3025 et
833 2976 1113 3043 adaequate
1137 2978 1449 3045 percepisse.
1521 2980 1654 3032 Nam
1673 2979 1757 3031 Cb
1772 2980 1979 3035 ristats
2008 2990 2133 3026 non
2162 2983 2271 3026 tam

385 3045 728 3115 propbeta,
760 3064 944 3117 quam
969 3068 1040 3107 os
1064 3055 1181 3111 Dei
1208 3055 1353 3109 fuit.
1412 3056 1555 3112 Deus
1576 3057 1712 3111 enim
1732 3070 1827 3125 per
1843 3036 2081 3129 ιιιεέμειιι
2100 3051 2265 3105 Christ

1927 3265 1952 3390 l,

1910 3406 1931 3442 1
