2350 3475
887 107 1268 157 PRAEFATIO.
1964 116 2023 151 tx

141 304 322 343 eoru-
357 291 510 359 copia
546 290 677 343 mihi
717 290 948 342 nondum
985 289 1120 341 facta
1159 296 1258 341 est.
1350 291 1490 343 Num
1523 288 1657 341 forte
1694 290 2025 342 consentiant

141 392 264 429 cum
283 378 714 444 interpretatione
731 376 934 429 Gallica
952 388 1052 428 nec
1072 390 1136 428 ne
1157 375 1361 428 nescio.
1400 375 1593 429 Procul
1610 374 1773 427 dubio
1795 374 2021 440 Gcclim,

141 463 380 515 ciusdem
405 462 760 515 bibliothecae
787 462 1086 530 praefectus
1114 462 1511 527 ornatissimus,
1541 475 1630 514 eas
1656 460 1857 529 publici
1889 461 2025 512 iuris

141 549 320 611 faciet,
341 563 448 615 quo
467 562 654 623 preces
675 562 820 601 meas
841 548 1086 616 explebit.

243 636 363 685 Has·
383 643 572 687 notas
599 634 880 700 margini
907 639 1223 686 tractatus
1250 632 1450 687 theol.
1472 634 1660 701 polit.
1691 647 1721 686 a
1750 632 2026 700 Spiueza

140 718 512 787 adscriptas
541 733 668 783 non,
700 720 777 771 uti
795 720 995 771 Paulus
1015 726 1066 771 et
1083 719 1349 785 Gfroerer,
1380 718 1483 771 fine
1502 718 1711 783 addidi,
1726 718 1821 771 sed
1848 719 2027 786 potius

141 806 214 857 ita
249 811 492 857 versatus
528 818 676 869 sum,
714 811 774 857 ut
801 805 1024 871 margini
1061 788 1298 857 inferiori
1336 818 1690 873 supponerem
1726 806 1905 871 (signo
1932 804 2027 873 Sp.

141 890 378 955 adiecto)
405 905 624 955 omnes;
663 898 715 942 et
741 892 973 958 primum
1005 890 1221 959 quidem
1248 892 1433 958 plenas
1462 890 1755 943 secundum
1784 898 2029 957 autogra-

140 975 306 1043 phum
325 976 644 1044 descriptas,
673 976 817 1042 quod
835 976 960 1029 Chr.
981 976 1046 1027 de
1062 976 1218 1028 Hm
1246 977 1431 1040 edidit,
1462 978 1519 1028 in
1538 976 1693 1029 uncis
1712 991 1833 1029 vero
1852 974 2030 1027 inclu-

141 1062 356 1125 derem,
398 1061 498 1113 ubi
537 1062 828 1129 exemplum
859 1060 1217 1116 bibliothecae
1252 1064 1697 1128 Regiomontanae
1742 1060 2026 1125 recederet,

139 1146 280 1213 quod
317 1146 476 1200 litera
509 1148 582 1198 D.
625 1149 882 1211 (Ποῖον)
919 1149 1193 1215 insignivi.
1274 1148 1380 1200 Sed
1418 1162 1483 1199 ne
1518 1148 1701 1201 lectori
1738 1146 2031 1214 quidquam

140 1232 374 1297 deesset,
395 1232 584 1287 eodem
601 1234 758 1285 modo
777 1232 976 1300 ubique
995 1234 1299 1287 varietatem
1320 1233 1564 1285 lectionis
1584 1232 2031 1298 interpretationis

142 1318 382 1371 Gallicae
422 1318 822 1373 accuratissime
858 1318 1098 1383 laudavi,
1147 1333 1281 1385 quae
1320 1332 1509 1385 saepe,
1556 1318 1635 1367 uti
1671 1316 1847 1369 videre
1884 1316 2031 1379 licet,

141 1404 364 1456 maioris
385 1412 469 1458 est
493 1406 768 1469 momenti,
797 1406 1094 1473 anteposito
1115 1402 1371 1457 vocabulo
1392 1402 1529 1454 Gall.
1552 1404 1657 1467 (St.
1680 1401 1836 1453 Glain
1864 1402 2033 1452 inter-

139 1491 366 1556 pretatio
405 1490 662 1555 Gallica).
744 1493 822 1543 lta
869 1492 1096 1557 quisque
1139 1490 1379 1541 omnium
1416 1495 1657 1540 notarum
1704 1486 2033 1555 complexum

137 1574 258 1626 loco
289 1590 390 1626 suo
420 1583 540 1628 ante
570 1576 754 1628 oculos
793 1575 1026 1628 habebit.
1100 1576 1252 1629 Notis
1282 1576 1482 1644 primae
1518 1573 1771 1625 editionis
1802 1587 1851 1624 a.
1877 1572 2031 1624 1670.

137 1675 170 1711 a
201 1661 434 1729 Spinoza
469 1660 666 1713 additis
705 1664 918 1729 signum
948 1662 1070 1714 dedi
1099 1659 1251 1729 Spst,
1288 1668 1347 1713 ut
1376 1659 1811 1727 dignoscerentur
1837 1674 1868 1711 a
1893 1659 2035 1710 notis

137 1747 458 1814 posterioris
484 1737 763 1816 temporis·
835 1748 1029 1801 Omnia
1057 1749 1287 1816 denique
1324 1763 1466 1820 quae·
1490 1747 1643 1814 signo
1670 1745 1761 1812 Sp.
1794 1745 2036 1814 apposito

141 1847 252 1883 non
292 1833 538 1886 denotata
572 1840 726 1899 sunt,
764 1850 796 1888 a
829 1849 914 1887 me
951 1835 1072 1902 ipso
1105 1835 1173 1886 ad
1208 1835 1355 1886 locos
1392 1832 1653 1900 quosdam
1688 1830 2036 1884 illustrandos

139 1918 586 1986 adiungebantur.

247 2006 596 2058 Tractatus
621 2005 815 2059 theol.
843 2005 1029 2072 polit.
1060 2005 1648 2072 interpretationes
1679 2010 1881 2057 exortae
1912 2009 2039 2056 sunt

143 2089 368 2142 multae.
420 2091 598 2144 Prima
617 2093 875 2156 omnium,
896 2107 1056 2158 quam
1074 2093 1181 2143 iam
1200 2092 1517 2160 nuncupavi,
1547 2090 1801 2142 Gallica
1828 2097 2037 2142 auctore

143 2175 382 2226 Domino
423 2175 488 2226 de
521 2175 602 2228 St.
641 2177 800 2229 Glat'n
841 2178 1036 2244 triplici
1071 2177 1225 2230 titulo
1248 2178 1325 2240 ⁸).
1418 2175 1593 2229 Unus:
1651 2213 1691 2240 „
1706 2178 1779 2227 La
1816 2175 1925 2228 clei*
1967 2174 2038 2224 du

149 2262 451 2314 sanctuaire
485 2276 582 2329 par
607 2279 682 2314 uu
719 2270 931 2326 scavant
964 2263 1174 2316 homme
1206 2263 1273 2315 de
1311 2261 1457 2314 notre
1493 2261 1676 2314 siecle.
1750 2261 1824 2312 La
1860 2257 1929 2312 ou
1959 2266 2039 2310 est

147 2346 360 2414 l'esprit
393 2347 458 2399 de
497 2347 664 2410 Dieu,
706 2347 756 2398 la
793 2355 876 2400 est
913 2348 963 2400 la
1001 2349 1191 2400 liberte
1228 2350 1328 2413 (Π.
1362 2349 1527 2415 epitrc
1564 2361 1662 2399 aux
1688 2344 2037 2399 ·Corinthiens

149 2431 308 2498 cbap.
330 2433 382 2482 3.
419 2447 556 2484 vers·
581 2433 696 2497 1⁷.)
765 2432 814 2484 A
846 2433 1018 2501 Leyde
1055 2433 1180 2485 chez
1216 2434 1395 2484 Pierre
1422 2434 1683 2485 Warnaer
1712 2430 1912 2482 1678.“
1951 2432 2035 2484 12.

153 2518 248 2568 531
274 2532 429 2584 pagg.
501 2517 657 2570 Alter
691 2525 797 2570 est:
847 2519 1066 2582 „Traitc
1106 2519 1201 2570 des
1238 2519 1565 2570 ceremonies
1601 2516 2037 2584 superstitieuses

151 2604 250 2654 des
269 2603 412 2654 suits
431 2610 544 2654 tant
571 2604 790 2656 anciens
808 2618 910 2671 que
929 2605 1233 2656 modernes.
1304 2605 1356 2656 Α
1371 2601 1707 2656 Amstcrdam
1728 2599 1851 2653 chcz
1872 2601 2036 2653 Jacob

151 2688 325 2740 Smitb
365 2688 569 2742 1678.“
646 2689 714 2740 Et
745 2691 962 2740 tertius:
1010 2689 1361 2753 „Rcflexions
1398 2690 1672 2742 curicuscs
1710 2685 1837 2738 d’uu
1874 2687 2041 2755 esprit

153 2775 518 2828 desintcrcsse
561 2787 654 2826 sur
700 2773 782 2828 les
826 2775 1074 2828 mutieres
1117 2774 1200 2827 les
1240 2775 1367 2844 plus
1412 2774 1757 2842 imponantes
1792 2785 1861 2824 au
1898 2772 2041 2824 salut

266 2961 312 3014 8)
361 2959 462 3004 Vid.
498 2957 701 3002 Nicea-on
746 2960 998 3005 memoli-es
1035 2973 1155 3016 pour
1191 2959 1341 3006 servir
1374 2961 1403 3007 a
1438 2958 1667 3004 l'histoire
1704 2959 1786 3004 des
1824 2959 2037 3004 hommes

153 3019 362 3064 illustres
393 3025 424 3062 t.
446 3018 579 3063 xm.
603 3033 646 3074 p.
666 3021 732 3063 4⁶.
755 3032 857 3076 sqq.
921 3017 988 3061 De
1007 3017 1270 3062 Maizeaux
1298 3021 1343 3062 in
1372 3019 1494 3063 notis
1522 3019 1579 3064 ad
1610 3018 1832 3076 epistolas
1850 3017 2037 3073 Baylia-

154 3092 268 3124 nast
299 3080 512 3124 Oeuvres
533 3079 738 3125 diverses
757 3081 814 3125 de
833 3081 922 3126 ΜΓ.
945 3081 997 3126 Ρ.
1017 3079 1160 3134 Bayle
1181 3085 1214 3124 t.
1236 3079 1313 3124 lv,
1333 3078 1393 3124 ad
1412 3079 1545 3135 epist.
1567 3081 1634 3122 88.
1657 3079 1815 3133 (1²³1.)
