2350 3475
897 145 1036 192 cu».
1089 145 1175 192 v1.
1865 147 1979 206 ιω

97 329 230 382 alind
259 338 378 381 tum
409 326 713 394 significari,
750 339 908 392 quam
947 323 1090 392 quod
1117 324 1314 376 Pharao
1348 325 1451 378 fuit
1484 327 1849 395 contumax1).
1918 330 1989 382 Et

8 449 10 460 .
95 423 256 474 quum
285 407 480 458 dicitnr
507 407 676 456 Deum
705 403 956 456 fenestras
985 402 1116 455 coeli
1135 404 1359 470 aperire,
1402 401 1529 454 nihil
1548 402 1691 456 aliud
1707 403 1981 470 significat,

8 511 10 516 ·
95 499 250 552 quam
270 484 418 550 quod
439 483 599 533 multa
619 487 752 548 aqua
773 481 961 548 pluerit
974 481 1032 548 ²)
1046 519 1061 544 ,
1101 481 1247 532 etsie
1266 480 1384 531 alia.
1457 480 1543 532 64.
1582 480 1669 532 Ad
1688 481 1814 534 haec
1830 483 1989 548 igitur

95 572 140 614 et
167 562 314 629 quod
346 559 514 612 multa
539 559 817 611 admodum
847 556 1066 610 breviter
1093 559 1206 608 sine
1234 557 1355 608 ullis
1382 559 1782 610 circumstantiis
1810 567 1863 611 et
1878 560 1987 612 fere

97 640 330 691 mutilate
350 643 640 698 narrentur,
661 636 708 686 si
730 637 848 701 quis
867 634 1028 701 probe
1047 635 1347 698 attenderit,
1368 635 1495 687 nihil
1518 634 1622 688 fere
1643 635 1696 686 in
1720 635 1987 703 Scriptura

8 733 10 736 ’
97 718 344 785 reperiet,
385 713 530 780 quod
557 715 724 780 possit
750 713 1092 764 demonstrari
1118 711 1307 763 lumini
1343 719 1553 764 naturae
1586 725 1901 779 repngnare3
1938 720 1989 764 et

8 805 11 824 ⁵
97 800 268 846 contra
292 790 484 851 multa,
523 805 656 856 quae
675 789 1050 842 obscurissima
1067 790 1176 840 visa
1198 795 1353 853 sunt,
1394 788 1639 842 mediocri
1657 790 1991 842 meditatione
2028 843 2033 850 ,

95 870 388 935 intelligere
404 869 594 935 poterit
611 874 663 919 et
681 867 832 919 facile
847 867 1188 932 interpretari.
1260 866 1434 932 Atque
1454 866 1534 918 his
1554 867 1793 919 existimo
1810 883 1893 919 me
1910 867 1986 930 id,

7 999 14 1024 ›
97 947 234 1014 qnod
251 944 608 1009 intenderam,
635 945 764 995 satis
781 943 914 997 clare
935 943 1249 996 ostendisse.
1324 944 1413 996 65.
1447 943 1693 996 Attamen
1711 952 1990 1011 antequam-

95 1025 212 1076 hnic
229 1024 396 1091 capiti
415 1021 574 1073 finem
595 1021 712 1072 dem
727 1059 742 1083 ‚
783 1019 926 1073 aliud
943 1019 1114 1072 adhuc
1132 1027 1317 1083 restat,
1356 1020 1495 1086 quod
1515 1020 1600 1072 hic
1618 1034 1827 1074 monere
1846 1023 1988 1082 volo:

8 1121 10 1126 ·
96 1115 318 1167 nempe,
357 1114 442 1151 me
469 1097 566 1150 alia
594 1112 808 1164 prorsus
835 1097 1078 1151 methodo
1106 1097 1192 1149 hic
1218 1099 1351 1150 circa
1379 1097 1625 1150 miracula
1646 1100 1991 1164 processisse,

97 1192 253 1244 quam
286 1178 424 1228 circa
453 1174 794 1242 prophetiam.
865 1175 943 1226 De
973 1173 1240 1241 prophetia
1270 1175 1407 1226 enim
1429 1173 1555 1225 nihil
1574 1174 1847 1237 affirmavi,
1886 1178 1997 1228 nisi·

97 1255 239 1321 quod
271 1266 334 1306 ex
361 1253 722 1305 fundamentis
750 1253 804 1304 in
833 1252 996 1304 sacris
1025 1250 1192 1303 literis
1222 1250 1454 1303 revelatis
1483 1250 1789 1302 concludere
1808 1254 1986 1318 potui3

95 1339 148 1383 at
184 1330 272 1382 hic
307 1331 586 1397 praecipua
611 1345 670 1382 ex
699 1330 828 1382 solis
853 1326 1122 1395 principiis
1148 1328 1346 1379 lumine
1376 1327 1592 1378 naturali
1622 1328 1769 1378 notis
1806 1327 1989 1379 elicui:

98 1409 240 1475 quod
260 1410 422 1460 etiam
441 1407 676 1458 consulto
695 1405 824 1468 feci,
863 1405 989 1472 quia
1011 1405 1076 1458 de
1092 1403 1359 1472 prophetia
1372 1443 1388 1466 ‚
1425 1403 1847 1470 quandoquidem
1876 1406 1993 1470 ipsa

8 1517 11 1544 ς
98 1493 315 1554 captum
344 1484 636 1536 humanum
664 1489 874 1550 superat
903 1489 954 1534 et
983 1483 1223 1548 quaestio
1254 1496 1393 1533 mere
1413 1479 1693 1548 theologica
1713 1487 1823 1544 est,
1862 1481 1995 1532 nihi}

97 1563 378 1626 affirmare,
417 1575 588 1628 neque
625 1562 774 1612 etiam
813 1561 944 1612 scire
983 1565 1244 1627 poteram,
1282 1559 1339 1610 in
1375 1573 1479 1624 quo
1516 1559 1632 1625 ipsa
1660 1558 1992 1625 potissimum

99 1639 408 1702 eonstiterit,
443 1639 628 1690 nisiex
645 1637 998 1690 fundamentis
1021 1636 1287 1697 revelatis;
1327 1642 1484 1700 atque
1502 1635 1633 1688 adeo
1650 1643 1860 1686 coactus
1879 1642 1995 1686 turn

99 1717 205 1780 lui,
247 1716 518 1767 historiam
548 1714 846 1783 prophetiae
872 1715 1181 1768 concinnare
1210 1721 1261 1766 et
1289 1727 1349 1765 ex
1376 1727 1435 1765 ea
1465 1711 1719 1779 quaedam
1756 1711 1996 1780 dogmate

99 1794 327 1847 formare
346 1831 363 1855 ,
421 1805 556 1858 quae
605 1808 688 1845 me
734 1799 971 1843 naturam
1017 1790 1317 1860 prophetiae
1361 1792 1579 1857 eiusque
1634 1792 1991 1857 proprietates,

98 1870 278 1938 quoad
295 1868 404 1921 fieri
428 1876 622 1935 potest,
663 1868 924 1921 docerent.
997 1870 1083 1921 66.
1121 1866 1197 1921 At
1214 1870 1295 1920 hic
1314 1870 1448 1921 cirea
1468 1868 1743 1930 miracula,
1778 1868 1899 1933 quia
1917 1867 1993 1930 id,

8 1964 10 1977 ἱ
99 1948 242 2015 quod
260 1946 584 2013 inquirimus
605 1944 820 2013 (nempe
847 1960 912 1997 an
933 1946 1211 1998 concedere
1234 1960 1546 2011 possumuS,
1587 1945 1785 2011 aliquid
1813 1945 1868 1996 in
1900 1958 2001 1996 na·-

8 2044 10 2091 ξ
99 2034 215 2077 tura
233 2024 533 2089 contingere
549 2060 562 2083 ‚
603 2023 743 2089 quod
773 2025 886 2075 eins
914 2022 1118 2089 legibus
1139 2028 1419 2088 repugnet,
1458 2029 1547 2073 aut
1566 2022 1705 2087 quod
1728 2022 1870 2073 exiis
1888 2035 1999 2073 non

98 2109 286 2169 posset
309 2101 492 2167 sequi)
522 2100 941 2167 philosophicum
973 2099 1126 2166 plane
1155 2106 1263 2162 est,
1301 2098 1446 2150 nullo
1479 2097 1640 2149 simili
1666 2097 1993 2164 indigebem3

101 2182 208 2231 imo
235 2177 530 2229 consultius
567 2177 716 2239 duxi,
755 2175 886 2227 hanc
925 2178 1283 2243 quaestionem
1320 2190 1380 2227 ex
1414 2174 1767 2229 fundamentis
1800 2175 1999 2233 lumine

101 2254 326 2307 naturali
371 2255 588 2320 cognitis
636 2261 812 2321 utpote
859 2256 1076 2308 maxime
1111 2254 1251 2305 notis
1288 2252 1530 2304 enodare.
1610 2252 1768 2316 Dico,
1822 2265 1905 2303 me
1942 2252 1998 2303 id

101 2330 400 2385 consultius
429 2332 663 2391 duxisse;
705 2346 826 2383 nam
857 2344 970 2382 eam
1001 2333 1154 2383 etiam
1180 2344 1241 2381 ex
1268 2330 1398 2381 solis
1420 2330 1713 2395 scripturae
1742 2329 2001 2395 dogmati-

7 2428 22 2438 ⁵
100 2411 206 2463 bns
237 2416 290 2461 et
317 2408 670 2461 fundamentis
699 2408 845 2460 facile
875 2408 1070 2461 solvere
1099 2414 1389 2475 potueram.
1471 2406 1625 2471 Quod
1642 2412 1700 2457 ut
1717 2407 1999 2472 unicuique

8 2488 10 2547 ζ
101 2492 305 2554 pateat,
345 2483 428 2537 hic
455 2486 634 2552 paucis
665 2485 957 2538 ostendam.
1029 2485 1115 2537 67.
1154 2484 1419 2551 Scriptura
1449 2484 1515 2534 de
1534 2484 1790 2535 naturein
1811 2496 1999 2547 genere

101 2562 424 2631 quibusdam
444 2562 495 2613 in
516 2563 646 2615 locis
664 2562 907 2625 affirmat,
947 2575 1058 2615 eam
1093 2560 1251 2613 fixum
1270 2568 1427 2627 atque
1455 2558 1833 2612 immutabilem
1854 2560 1999 2610 ordi-

103 2656 224 2693 nem
245 2654 464 2702 servare,
489 2642 620 2693 utin
639 2641 728 2691 Ps.
754 2640 873 2693 148.
891 2654 1026 2691 vers.
1049 2639 1101 2691 6.
1123 2647 1176 2691 et
1191 2641 1375 2691 Ierem.
1399 2652 1515 2705 cap.
1536 2638 1625 2691 31.
1644 2651 1777 2689 vers.
1800 2636 1886 2689 35.
1909 2637 1997 2689 36.

103 2717 455 2783 Philosophus
480 2725 739 2783 praeterea
758 2718 812 2769 in
831 2731 929 2769 sno
947 2716 1092 2781 Eccl.
1113 2730 1227 2783 cap.
1252 2718 1303 2769 1.
1326 2731 1459 2769 vers.
1484 2716 1569 2767 10.
1592 2715 1880 2768 clarissime
1901 2714 2001 2767 do·-

102 2803 212 2858 cet,
252 2794 386 2847 nihil
411 2796 527 2847 novi
559 2796 613 2847 in
644 2801 825 2846 natura
853 2794 1179 2860 continger03
1220 2802 1271 2845 et
1300 2807 1435 2847 vers.
1456 2792 1508 2845 9.
1540 2800 1591 2845 et
1620 2794 1705 2845 11.
1735 2793 1832 2845 hoc
1859 2793 1999 2845 idem

105 2874 372 2925 illustrans
399 2872 499 2935 ait,
539 2873 677 2938 quod
694 2912 709 2937 ,
749 2872 983 2937 quamvis
1003 2871 1281 2937 aliquando
1303 2870 1501 2937 aliquid
1520 2872 1810 2938 contingat,
1852 2871 1993 2937 quod

207 3062 252 3112 ι)
289 3058 392 3103 vid.
413 3058 562 3103 Exod.
583 3058 624 3113 4,
645 3060 712 3099 21.
749 3058 791 3115 τ,
813 3060 854 3102 ³.
893 3058 960 3115 14,
979 3060 1020 3103 4.
1058 3056 1442 3113 cl.‘1‚13.14.22.

205 3122 254 3172 2)
289 3118 392 3163 Vid-
415 3116 530 3163 Gen.
549 3119 592 3174 τ,
613 3120 680 3165 u.
