2350 3475
283 97 290 102 ’
341 102 464 167 260
733 109 1124 155 ‘rnac'm‘rns
1161 109 1564 158 Tunonomco
1578 73 1824 154 -Ροιιτ,

339 292 390 338 et
415 287 627 354 privati,
668 285 864 355 quibus
893 301 989 340 sua
1020 247 1221 341 tantum
1254 287 1452 361 negotia
1482 301 1659 345 curare
1686 283 1965 364 incumbit)
1999 283 2077 338 v'el
2118 285 2241 348 alii,

337 378 504 430 penes
537 379 676 431 ques
705 367 792 416 ius
820 366 954 416 eirca
981 377 1122 416 sacra
1153 379 1269 418 esse
1303 366 1441 427 vuit‘,
1478 364 1623 432 impii
1647 379 1769 419 esse
1796 364 1979 428 velint„
2016 379 2081 414 an
2116 372 2239 414 tum

339 443 492 494 etiam
519 443 762 496 eiusdem
799 443 1106 508 interpretes
1129 439 1355 494 habendi
1374 438 1587 494 sunt‘?“
1657 443 1747 504 47.
1787 442 1993 493 Certum
2012 441 2239 506 quidem

338 527 435 585 est,
472 519 678 586 quodsi
701 519 756 581 ii,
789 518 879 584 qui
899 519 1176 586 imperium
1198 527 1391 582 tenent,
1425 534 1529 585 qua
1546 520 1705 582 iuvat,
1727 519 1803 570 ire
1822 520 1994 579 velint,
2018 519 2127 570 sive
2146 520 2241 569 ius
2323 539 2324 592 3

337 598 472 650 circa
492 611 636 650 saera
654 594 893 659 habeant,
916 597 1024 649 sive
1042 597 1237 662 minus,
1258 597 1433 649 omnia
1455 604 1559 649 tam
1578 611 1741 660 sacra,
1765 611 1921 663 quam
1940 597 2152 664 prosena
2176 597 2235 646 in

337 675 564 726 deterius
601 681 780 737 ruent;
819 680 870 725 et
905 674 1058 742 longe
1097 674 1282 744 citius,
1322 675 1369 726 si
1406 675 1500 742 qui·
1532 675 1626 727 viri
1656 675 1838 742 privati
1865 675 2110 726 seditiose
2139 675 2239 724 ius
2323 695 2324 716 ÷

337 751 572 803 divinum.
596 750 854 803 vindicare
885 751 1058 804 veiint.
1130 753 1222 804 48.
1264 752 1591 819 Quapropter
1618 751 1715 804 hoc
1744 751 1929 815 iisdem
1950 751 2042 802 ²ius
2061 750 2237 802 dene-

2322 467 2324 538 4

337 829 509 894 gando
539 826 666 880 nihil
695 827 936 882 absolute
965 826 1321 898 promovetur,
1360 829 1453 882 sed
1473 829 1863 881 contra'maium
1883 829 2049 895 magis
2066 842 2237 893 auge-
2322 873 2324 882 Α

335 913 444 968 tur3
483 919 605 957 nam
642 905 738 956 hoe
775 905 890 973 ipso
917 907 1000 970 fit,
1043 914 1102 959 ut
1127 908 1419 960 necessario
1449 907 1627 974 (sicuti
1658 905 2015 971 Hebraeorum
2053 919 2231 971 reges,

334 982 532 1048 quibus
553 982 648 1033 hoe
669 982 752 1034 i‘us
772 997 876 1035 non
897 984 1136 1038 absolute
1155 999 1465 1038 concessum
1488 985 1613 1052 i'uit)
1634 983 1781 1049 impii
1802 985 1905 1034 sint
1919 1022 1935 1047 ,
1976 990 2027 1035 et
2042 997 2236 1034 conse-

337 1067 556 1124 quenter
581 1065 640 1110 ut
661 1061 820 1112 totius
840 1061 1156 1129 reipublicae
1175 1061 1425 1114 damnum
1446 1061 1709 1127 etmaium
1731 1075 1792 1112 ex
1810 1062 2005 1112 incerto
2026 1067 2075 1110 et
2095 1075 2233 1110 eon-

334 1137 566 1202 tingente
611 1144 808 1188 certum
855 1146 907 1190 et
938 1140 1293 1191 >necessarium
1334 1138 1597 1190 reddatur.
1676 1140 1763 1190 49.
1809 1139 1923 1189 Sive
1961 1137 2117 1203 igitur
2148 1138 2235 1194 ,rei

333 1216 632 1276 veritatem,
671 1214 778 1266 sive
807 1215 1008 1282 imperi-i
1037 1217 1395 1279 securitatem,
1435 1217 1543 1282 sive
1574 1215 1799 1281 denique
1832 1215 2037 1280 pietatis
2056 1215 2235 1265 incre-

2310 1036 2325 1190 ἢ

335 1298 568 1343 mentum
587 1300 886 1358 spectemus
899 1331 913 1354 ,
947 1301 1172 1346 statuere
1192 1294 1429 1359 cogimur
1442 1331 1457 1356 ,
1482 1293 1566 1344 ius
1586 1293 1740 1344 etiam
1764 1283 1993 1343 divinum
2014 1291 2125 1343 sive
2146 1292 2237 1342 ius
2323 1309 2324 1312 ¹

335 1369 468 1420 circa
503 1382 649 1420 saera
683 1382 714 1420 a
752 1366 955 1422 decreto
991 1385 1315 1422 summarum
1353 1378 1665 1438 potestatum
1702 1367 1937 1420 absolu-te
1974 1369 2227 1435 pendere,

335 1461 528 1513 easque
553 1445 790 1499 eiusdem
816 1447 1128 1516 interpretes
1156 1462 1275 1504 esse
1302 1455 1353 1500 et
1378 1447 1633 1509 vindices;
1674 1460 1732 1497 ex
1752 1445 1947 1512 quihus
1964 1447 2228 1511 sequitur,

333 1523 454 1574 iilos
470 1524 566 1576 Dei
586 1523 727 1576 verbi
747 1524 1016 1577 ministros
1033 1540 1178 1588 esse,
1210 1526 1301 1592 qui
1320 1525 1571 1593 populum
1594 1538 1653 1575 ex
1670 1523 1970 1575 auctoritate
1988 1537 2234 1577 summa-

336 1615 452 1651 rum
489 1607 804 1667 potestatum
843 1603 1088 1670 pietatem
1123 1603 1339 1664 docent,
1378 1609 1534 1669 prout
1568 1602 1683 1670 ipsa
1714 1615 1773 1652 ex
1808 1614 1985 1652 earum
2023 1599 2233 1652 decreto

339 1676 578 1743 publicae
599 1679 809 1730 utilitati
827 1681 1213 1732 accommodata
1234 1686 1335 1732 est.
1487 1741 1492 1748 ,

439 1757 526 1807 50.
563 1756 812 1822 Superest
829 1758 932 1809 iam
951 1773 1162 1811 eausam
1186 1759 1343 1811 etiam
1363 1757 1593 1810 indicare
1610 1796 1625 1820 ,
1666 1770 1757 1809 cur
1776 1770 1983 1825 semper
2000 1756 2055 1807 in
2078 1754 2236 1807 Chri-

336 1831 507 1882 stiano
527 1831 744 1898 imperio
766 1832 830 1885 dc
847 1832 946 1885 hoc
963 1836 1076 1886 iure
1097 1835 1437 1900 disceptatum
1457 1833 1583 1895 fuit:
1624 1849 1785 1899 quum
1808 1840 1979 1885 tamen
2000 1832 2235 1885 Hebraei

336 1921 654 1972 numquam,
697 1908 836 1975 quod
876 1912 1064 1974 sciam,
1105 1911 1170 1965 de
1206 1912 1389 1963 eodem
1416 1912 1756 1977 ambegerint.
1830 1911 1966 1965 Sane
1994 1918 2236 1961 monstro

334 1984 504 2042 simile
531 1984 688 2037 videri
719 1995 926 2054 posset,
968 1990 1107 2056 quod
1130 1987 1195 2041 de
1212 2004 1267 2041 re
1285 1996 1387 2041 tam
1411 1989 1685 2041 manifesta
1705 1996 1913 2053 tamque
1932 1989 2233 2041 necessaria

337 2062 574 2128 quaestio
597 2077 805 2130 semper
831 2064 1013 2130 i'uerit,
1055 2073 1106 2129 et
1125 2066 1266 2133 quod
1288 2076 1525 2119 summae
1542 2072 1825 2134 potestates
1846 2064 2047 2117 hocius
2070 2074 2233 2117 num-

335 2153 493 2204 quam
512 2141 710 2207 absque
729 2144 1074 2197 controversia
1090 2183 1106 2208 ,
1146 2145 1251 2197 imo
1272 2142 1559 2210 numquam
1579 2144 1681 2195 nisi
1702 2156 1887 2209 magno
1904 2141 2231 2195 seditionum

334 2218 566 2283 periculo
585 2225 638 2270 et
653 2218 918 2285 religionis
937 2222 1249 2287 detrimento
1268 2220 1563 2274 habuerint.
1636 2219 1722 2271 51.
1750 2218 1985 2273 Proiecto
2002 2220 2051 2270 si
2072 2220 2235 2271 huius

333 2296 406 2345 rei
439 2295 632 2347 nullam
661 2304 852 2349 certam
882 2312 1092 2350 causam
1123 2300 1386 2365 assignare
1414 2311 1720 2365 possemus,
1759 2296 1926 2349 facile.
1944 2296 2070 2347 mihi
2110 2311 2235 2363 per-

333 2372 606 2425 suaderem
623 2412 638 2437 ,
681 2376 852 2426 omnia
865 2413 880 2439 ,
915 2376 1121 2441 quaein
1141 2377 1239 2427 hoc
1256 2376 1423 2443 capite
1442 2374 1672 2436 ostendi,
1702 2388 1807 2426 non
1828 2374 1927 2425 nisi
1947 2373 2228 2425 theoretica

334 2463 448 2501 esse
462 2488 477 2513 ,
499 2451 608 2504 sive
627 2466 686 2503 ex
707 2465 884 2504 earum
903 2452 1321 2519 speculationum
1339 2466 1554 2519 genere,
1577 2465 1712 2517 quae
1734 2464 2021 2517 numquam
2044 2465 2105 2502 ex
2125 2466 2227 2503 usu

335 2540 450 2579 esse
477 2536 720 2594 possunt.
793 2530 1012 2583 Etenim
1031 2532 1144 2599 ips'a
1163 2522 1443 2598 primordia
1465 2529 1792 2581 Christianae
1816 2526 2079 2593 religionis
2098 2538 2230 2579 con-

333 2605 586 2658 sideranti
611 2606 768 2659 huius
795 2608 870 2659 rei
899 2620 1055 2661 eausa
1083 2623 1204 2661 sese
1230 2607 1442 2659 omnino
1461 2606 1775 2660 manifestat.
1851 2606 1935 2657 52.
1979 2604 2231 2657 Christia-

331 2695 454 2733 nam
501 2696 726 2748 namque
769 2685 1073 2751 religionem
1119 2698 1225 2737 nou
1262 2697 1409 2750 reges
1447 2684 1601 2751 primi
1637 2683 1951 2744 docuerunt,
2000 2682 2097 2733 sed
2135 2683 2229 2734 viri

333 2758 544 2825 privati,
585 2754 883 2825 qui'invitis
908 2762 974 2815 iis
987 2800 1000 2824 ‚
1035 2763 1134 2829 qui
1153 2762 1433 2829 imperium
1451 2758 1697 2812 tenebant
1712 2767 1765 2812 et
1784 2760 2005 2825 quorum
2026 2758 2225 2811 subditi

335 2841 497 2898 erant,
519 2837 734 2903 privatis
753 2838 984 2891 ecclesiis
1003 2839 1315 2901 concionari,
1338 2852 1484 2891 sacra
1504 2836 1668 2889 officia
1687 2838 1975 2898 instituere,
1996 2836 2225 2889 admini-

333 2917 497 2963 strare
533 2919 584 2962 et
617 2914 714 2964 soli
749 2915 926 2966 omnia
954 2916 1191 2967 ordinare
1222 2924 1273 2969 et
1300 2916 1584 2978 decretam,
1624 2914 1765 2965 nulia
1793 2914 1999 2980 imperii
2032 2915 2225 2964 ratione

333 2987 534 3050 habita,
574 2989 664 3041 diu
691 2999 1089 3045 consueverunt.
1165 2992 1250 3044 53.
1289 2992 1465 3057 Quum
1498 2999 1668 3044 sutem
1696 2990 1879 3042 multis
1904 2990 2005 3043 iam
2038 2990 2223 3058 elapsis

335 3067 483 3117 annis
506 3067 686 3133 religio
703 3067 757 3118 in
779 3068 1058 3137 imperium
1077 3068 1339 3123 introduci
1358 3064 1580 3136 incepit,
1620 3067 1957 3121 ecclesiastici
1984 3066 2219 3131 eandem,
