2350 3475
341 143 428 204 98
739 145 1132 192 TRACTATUS
1169 145 1259 191 ΤΗ
1268 146 1569 192 senonico
1582 145 1826 192 -PoLrn

344 325 496 394 plane
515 325 652 378 alind
669 364 684 388 ,
707 339 860 392 quam
882 323 1023 390 quod
1042 324 1217 376 vident
1234 330 1325 376 aut
1342 323 1623 390 contigisse
1642 321 1862 374 andiunt
1876 362 1890 384 ,
1924 323 2239 390 percipiant,

346 405 646 470 praesertim
679 404 724 453 si
753 416 835 452 res
863 407 974 453 acta
1001 407 1213 467 captum
1243 402 1498 453 narrantis
1519 408 1609 452 aut
1626 400 1885 455 audientis
1904 408 2146 467 superat,
2192 407 2246 451 et

341 482 564 534 maxime
599 481 646 530 si
685 479 748 530 ad
785 479 899 530 eins
935 491 1044 529 rem
1085 478 1296 540 referat,
1334 485 1396 530 ut
1428 479 1549 545 ipsa
1584 484 1723 528 certo
1758 478 1913 528 modo
1952 479 2242 543 contingat.

347 559 432 608 54.
472 560 609 612 Hinc
639 555 726 618 fit,
765 562 826 606 ut
844 555 1080 608 homines
1109 557 1163 606 in
1192 556 1305 606 suis
1332 554 1585 608 chronicis
1606 563 1655 606 et
1675 554 1901 606 historiis
1920 555 2090 621 magis
2110 569 2244 605 snas

345 636 647 700 opinioneS,
688 647 844 698 quam
883 647 964 684 res
999 634 1144 698 ipsas
1184 641 1323 684 actas
1358 639 1596 695 narrent,
1634 639 1685 683 et
1716 639 1777 682 ut
1812 647 1953 682 unns
1992 633 2243 696 idemq-ne

345 725 500 762 casus
527 724 556 760 a
585 708 794 762 duobus
831 709 1161 770 hominibuS,
1202 711 1295 776 qui
1332 709 1559 762 diversas
1596 708 1789 760 habent
1822 710 2128 774 opiniones,
2168 710 2245 758 ita

345 787 542 838 diverse
571 793 832 848 narretur,
869 793 932 838 ut
959 801 1066 838 non
1105 787 1209 837 nisi
1246 787 1310 838 de
1346 785 1553 838 duobus
1590 785 1979 851 casibusdoqui
2016 785 2243 837 videan-

343 871 453 925 tur,
495 869 546 915 et
565 862 788 929 denique
819 871 877 914 ut
901 878 1056 929 saepe
1083 878 1189 914 non
1218 862 1500 916 admodum
1532 863 1735 914 difficile
1765 865 1860 927 sit,
1900 877 1959 914 ex
1988 863 2117 914 solis
2146 862 2240 912 1πί-

344 941 513 992 storiis
543 940 816 1006 opiniones
844 939 1219 1007 chronographi
1247 947 1298 992 et
1326 940 1555 992 historici
1592 942 1917 1006 investigare.
1986 938 2070 992 Ad
2110 939 2241 990 haec

345 1016 756 1069 confirmandum
793 1018 955 1068 multa
993 1017 1192 1070 adferre
1228 1031 1469 1084 possem,
1508 1025 1617 1070 tam
1654 1015 2105 1084 philosophorum,
2145 1017 2239 1082 qni
2331 1075 2341 1089 ‚

343 1095 614 1146 historiam
642 1101 858 1146 naturae
886 1095 1237 1161 scripserunt,
1276 1108 1434 1161 quam
1454 1094 1961 1161 chronographorum
1980 1095 2234 1160 exempla,

343 1172 448 1222 nisi
481 1170 534 1222 id
563 1171 885 1238 superfluum
917 1173 1293 1232 existimarem:
1334 1187 1394 1225 ex
1419 1187 1562 1225 sacra
1595 1181 1769 1224 autem
1798 1174 2051 1238 scriptura
2065 1185 2239 1222 'unum

343 1255 548 1300 tantum
577 1247 830 1311 adferam,
873 1249 937 1302 de
974 1249 1194 1315 reliquis
1230 1250 1391 1302 lector
1424 1251 1540 1317 ipse
1576 1250 1783 1302 iudicet.
1858 1251 1944 1300 55.
1978 1249 2238 1315 Tempore

342 1327 528 1378 iosuae
556 1325 782 1379 Hebraei
810 1325 907 1392 (ut.
926 1327 1028 1378 iam
1061 1341 1221 1393 snpra
1250 1327 1583 1395 monuimus)
1612 1339 1733 1379 eum
1760 1327 1913 1392 vulgo
1936 1324 2234 1387 credebant,

341 1403 506 1456 solem
531 1408 675 1454 motu
691 1441 706 1466 ,
744 1410 808 1454 ut
823 1411 1034 1467 vocant,
1075 1404 1265 1456 diurno
1284 1405 1503 1465 moveri,
1540 1411 1729 1456 terram
1748 1409 1923 1456 autem
1944 1404 2235 1470 quiescere,

344 1488 395 1530 et
439 1473 562 1531 huic
611 1487 1012 1548 praeconceptae
1051 1482 1284 1547 opinioni
1320 1479 1626 1534 miraculum
1648 1520 1666 1544 ,
1722 1481 1862 1545 qnod
1896 1481 1963 1532 iis
1999 1481 2236 1545 contigit,

343 1571 509 1622 quum
539 1563 714 1608 contra
745 1559 978 1623 quinque
1003 1557 1121 1610 illos
1151 1573 1299 1624 reges
1338 1564 1657 1625 pugnarent,-
1696 1558 2089 1626 adaptaverunt:
2130 1567 2239 1606 non

344 1633 482 1684 enim
501 1632 810 1698 simpliciter
831 1640 1193 1698 narraverunt,
1234 1635 1371 1686 diem
1390 1636 1536 1686 iilum
1558 1635 1709 1686 solito
1730 1634 2015 1701 longiorem
2047 1633 2234 1696 fnisse,

343 1708 436 1761 sed
465 1709 629 1761 solem
657 1717 708 1761 et
735 1709 914 1763 lunam
941 1711 1173 1773 stetisse,
1216 1712 1323 1765 sive
1350 1726 1379 1764 a
1417 1727 1515 1765 sno
1556 1717 1701 1764 motu
1736 1713 2053 1774 cessavisse,
2094 1709 2237 1777 qnod

343 1786 477 1851 ipsis
505 1786 664 1838 etiam
694 1792 806 1838 tum
835 1788 1084 1854 temporis
1122 1802 1227 1841 non
1258 1803 1440 1856 parum
1468 1790 1715 1842 inservire
1741 1797 1937 1857 poterat
1962 1789 2025 1840 ad
2059 1789 2236 1839 ethni-

343 1877 464 1923 cos,
523 1865 615 1928 qui
651 1863 818 1915 solem
853 1864 1162 1930 adorabant,
1222 1867 1631 1919 convincendum
1680 1874 1733 1919 et
1776 1868 1889 1933 ipsa
1926 1867 2241 1933 experientia
2343 1866 2344 1873 ³

345 1938 820 2005 comprobandum,
869 1942 1032 1993 solem
1071 1942 1172 1993 sub
1211 1944 1423 1995 alterius
1460 1946 1691 1995 numinis
1729 1945 1945 2010 imperio
1980 1956 2128 2004 esse.
2176 1956 2239 1995 ex

345 2018 496 2069 cuius
559 2025 692 2069 nutu
753 2019 990 2071 ordinem
1043 2034 1205 2073 suum
1268 2022 1553 2073 naturalem
1622 2028 1821 2073 mutare
1886 2027 2123 2072 teneatur
2146 2020 2235 2087 *).

349 2096 433 2148 56.
474 2095 648 2159 Quare
673 2096 860 2161 partim
889 2110 948 2148 ex
975 2097 1246 2163 religione,
1286 2100 1471 2163 partim
1508 2112 1568 2150 ex
1608 2098 1993 2164 praeconceptis
2030 2096 2240 2164 opinio—

344 2171 502 2225 nibus
535 2186 644 2223 rem
683 2171 834 2237 longe
870 2172 1041 2235 aliter,
1081 2172 1240 2239 (inam
1280 2190 1449 2228 revera
1480 2175 1776 2242 contingere
1803 2176 1999 2242 potuit,
2038 2188 2235 2225 conce-

342 2253 532 2316 petunt
559 2254 716 2314 atque
745 2258 1128 2303 enarraverunt.
1200 2252 1363 2318 Igitur
1394 2252 1461 2303 ad
1486 2253 1733 2304 miracula
1754 2254 2049 2319 Scripturas
2066 2252 2237 2303 inter-

345 2326 652 2392 pretandum
691 2331 740 2375 et
777 2340 837 2377 ex
877 2340 1055 2378 eorum
1099 2328 1479 2380 narrationibus
1505 2328 1929 2395 intelligendum,
1970 2329 2237 2394 quomodo

345 2404 464 2468 ipsa
490 2416 665 2457 revera
697 2404 1032 2469 contigerint,
1075 2419 1287 2457 necesse
1308 2414 1415 2469 est,
1454 2406 1724 2472 opiniones
1744 2421 1923 2458 eorum
1942 2406 2106 2469 scire,
2145 2407 2239 2471 qui

342 2480 455 2545 ipsa
485 2480 654 2546 primo
683 2487 1016 2533 narraverunt
1043 2490 1096 2533 et
1116 2483 1211 2548 qui
1231 2482 1384 2535 nobis
1402 2498 1463 2535 ea
1482 2483 1673 2549 scripto
1689 2483 2040 2549 reliquerunt,
2076 2488 2131 2533 et
2148 2496 2239 2534 eas

341 2554 407 2607 ah
454 2571 514 2607 eo
563 2557 701 2622 quod
749 2571 938 2609 sensus
983 2558 1050 2611 iis
1097 2566 1480 2625 repraesentare
1530 2566 1841 2625 potuerunt,
1893 2560 2236 2626 distinguere.

341 2633 488 2683 Alias
516 2635 652 2683 enim
685 2648 864 2685 eorum
894 2636 1164 2700 opiniones
1196 2643 1247 2687 et
1274 2635 1465 2687 iudicia
1490 2636 1743 2703 cumipse
1766 2637 2043 2700 miraculo,
2080 2643 2241 2703 prout

341 2722 512 2760 revera
531 2710 761 2775 contigit,
800 2711 1213 2773 confundemus;
1254 2727 1350 2765 nec
1368 2712 1434 2763 ad
1455 2712 1581 2765 haec
1600 2719 1819 2776 tantum,
1860 2714 1955 2765 sed
1978 2728 2043 2765 ne
2070 2715 2236 2765 etiarn

340 2784 724 2837 confundamus
754 2801 865 2849 res,
906 2802 1039 2854 quae
1069 2802 1241 2841 revera
1268 2791 1621 2855 contigerunt,
1662 2806 1784 2843 cum
1802 2790 1959 2842 rebus
1978 2791 2239 2857 imagina-

341 2863 430 2914 riis
449 2869 501 2914 et
519 2876 651 2928 quae
671 2877 773 2914 non
792 2864 896 2915 nisi
917 2867 1414 2931 repraesentationes
1432 2868 1762 2935 propheticae
1783 2868 2015 2929 fuerunt,
2052 2878 2237 2921 eorum

341 2940 613 3007 opiniones
650 2940 781 2991 scire
819 2940 992 2993 refert.
1086 2943 1172 2998 57.
1211 2944 1273 2997 In
1310 2945 1575 3013 Scriptura
1608 2946 1749 2998 enirn
1782 2946 1945 2998 muta
1982 2952 2041 2998 nt
2078 2946 2239 2998 realia

445 3108 484 3163 ⁶)
521 3107 618 3157 vn.
643 3106 738 3156 102.
759 3070 824 3166 10,
837 3110 902 3155 ια.
925 3122 1033 3171 sqq.
