2350 3475
319 91 416 150 94*
720 90 1109 139 TnAcTATUs
1150 88 1551 136 Tnssohomco
1563 115 1588 128 -
1598 84 1810 134 Pou'r.

317 271 568 323 rationem
586 269 790 322 hebere.
865 269 950 322 35.
989 269 1202 318 Constet
1220 267 1392 332 itaque
1413 267 1567 318 etiem
1588 281 1647 318 ex
1668 268 1779 334 ipse
1800 241 2220 334 Scripturn‚‘mi-

243 359 247 364 ·
318 347 492 398 recula
512 361 681 400 verum
695 348 790 400 Dei
811 345 1152 411 cognitionem
1176 359 1279 395 non
1300 343 1439 406 dare,
1462 357 1557 395 nec
1568 345 1661 394 Dei
1680 344 2051 409 provldentinm
2072 345 2217 397 clere

317 425 520 476 docere.
595 422 747 488 Quod
765 430 940 474 eutem
959 421 1015 472 in
1035 423 1295 487 Scriptura
1312 435 1469 487 saepe
1488 421 1759 488 reperitur,
1778 423 1947 472 Deum
1966 429 2215 488 portenta

316 502 532 563 fecisse,
569 509 628 552 ut
653 498 954 552 hominibus
983 500 1351 560 innotesceret,
1395 505 1451 549 ut
1470 499 1527 548 in
1544 499 1705 550 Exodi
1728 513 1842 564 cap.
1866 501 1949 550 10.
1969 514 2103 550 vers.
2126 503 2211 558 2..

315 581 484 632 Deum
505 577 783 643 Aegyptios
805 576 1032 627 illusisse
1051 584 1102 626 et
1119 577 1265 640 signa
1286 575 1368 626 sui
1389 574 1617 636 dedisse,
1657 581 1715 625 ut
1731 575 1990 627 Israelitee
2009 590 2215 641 cogno-

315 662 520 706 scerent
547 667 667 704 eum
696 663 812 704 esse
840 655 1036 712 Deum;
1076 653 1197 703 inde
1225 660 1395 704 tamen
1425 667 1528 702 non
1565 653 1828 718 sequitur,
1870 653 2117 704 miraculo
2153 655 2211 704 id

316 746 485 783 revera
515 729 724 792 docere,
765 730 855 781 sed
885 714 1081 780 tantum
1111 729 1632 794 sequitur,1udaeos
1664 729 1791 779 tales
1810 727 2061 781 habuisse
2080 731 2209 796 opi-

315 809 524 868 nioneS,
565 813 623 858 ut
651 805 831 858 facile’
817 807 882 858 iis
906 806 1165 857 miraculis
1186 807 1418 857 convinci
1439 813 1673 872 possent.
1747 791 1833 857 36.
1873 805 2040 872 Supra
2059 807 2207 858 enim

315 886 366 934 in
387 887 550 951 capite
569 884 798 935 secundo
818 883 950 935 clare
978 883 1303 934 ostendimus
1325 883 1404 951 ¹),
1446 884 1669 934 rationes
1700 881 2057 948 prophetieeS,
2096 885 2210 936 sive

315 975 447 1026 quae
468 976 526 1012 ex
547 961 850 1012 revelatione
872 961 1156 1011 formantur
1172 999 1187 1021 ,
1226 975 1329 1010 non
1360 961 1472 1011 elici
1503 974 1562 1010 ex
1580 957 1879 1010 notionibus
1898 961 2211 1012 universali-

313 1037 414 1089 bus
434 1044 484 1089 et
502 1037 884 1098 communibus,
927 1037 1022 1088 sed
1041 1052 1098 1088 ex
1119 1038 1381 1088 concessis
1397 1076 1411 1100 ,
1452 1037 1691 1102 quemvis
1712 1035 1973 1100 absurdis,
2014 1043 2065 1088 et
2086 1041 2217 1107 opi-'

315 1113 562 1176 nienibus
583 1128 760 1166 eorum
777 1153 790 1176 ,
831 1112 1023 1180 quibus
1044 1127 1124 1165 res
1145 1113 1452 1176 revelentur,
1476 1113 1583 1165 sive
1604 1127 1737 1178 quos
1752 1113 1971 1178 spiritus
1990 1118 2207 1168 sanctus

314 1193 614 1244 convincere
633 1192 758 1253 vult,
800 1189 939 1256 quod
959 1191 1136 1241 multis
1158 1191 1405 1255 exemplis
1428 1189 1795 1242 illustravimus
1812 1197 1867 1241 et
1882 1192 2035 1244 etiem
2056 1195 2211 1246 testi-

313 1270 488 1320 monio
514 1268 692 1333 Pauli,
734 1269 824 1334 qui
862 1282 980 1319 cum
1009 1268 1221 1319 Graecis
1256 1275 1365 1318 eret
1390 1267 1620 1318 Graecus
1646 1273 1695 1318 et
1722 1281 1841 1318 cum
1870 1269 2079 1320 ludaeis
2111 1272 2211 1322 Iu-

313 1347 474 1397 daeus
489 1347 566 1413 ²).
638 1346 725 1398 3⁷.
764 1347 956 1396 Verum
975 1346 1213 1411 quemvis
1230 1343 1317 1394 ille
1337 1345 1581 1396 miracula
1601 1344 1895 1409 Aegyptios,
1910 1353 1963 1398 et
1977 1347 2207 1400 Iudaeos

313 1437 373 1475 ex
391 1425 506 1475 suis
523 1424 786 1475 concessis
803 1423 1120 1486 convincere,
1150 1437 1255 1472 non
1276 1429 1449 1473 tamen
1467 1435 1637 1473 veram
1656 1421 1939 1474 Deiideem
1955 1431 2007 1475 et
2022 1427 2210 1490 cogni-

310 1501 506 1559 tionem
533 1501 656 1552 dere
684 1507 942 1566 poterent,
984 1499 1078 1550 sed
1115 1505 1314 1550 tantum
1352 1499 1517 1550 fecere
1533 1538 1547 1560 ,
1586 1506 1646 1550 ut
1680 1499 2047 1563 concederent,
2088 1501 2209 1554 dari

309 1590 504 1628 numen
525 1575 774 1628 omnibus
791 1575 950 1626 rebus
969 1576 1036 1627 iis
1057 1577 1197 1626 notis
1213 1577 1497 1642 potentius,
1540 1575 1727 1628 deinde
1745 1576 1889 1642 quod
1906 1576 2199 1640 Hebraeos,

312 1654 508 1719 quibus
535 1661 648 1704 tum
679 1655 926 1718 temporis
953 1653 1126 1703 omnia
1155 1659 1357 1718 praeter
1390 1664 1539 1719 spem
1574 1652 1873 1706 felicissime
1908 1663 2201 1718 cesserunt,

311 1744 468 1797 supra
493 1743 676 1782 omnes
700 1727 942 1794 curabat,
984 1744 1086 1780 non
1115 1735 1287 1781 eutem
1316 1729 1457 1796 qued
1474 1730 1617 1781 Deus
1640 1739 1825 1783 omnes
1844 1746 2009 1797 aeque
2024 1741 2203 1793 curet3

311 1820 431 1859 nem
478 1806 576 1859 hoc
618 1806 728 1858 sole
772 1806 1096 1873 philosophie
1135 1806 1321 1859 docere
1354 1814 1545 1873 potest.
1635 1808 1723 1860 38.
1776 1809 1901 1861 Ideo
1934 1809 2115 1861 Iudaei
2147 1818 2205 1861 et

239 1936 244 1939 ,
312 1898 512 1946 omnes,
537 1885 624 1950 qui
643 1898 748 1935 non
769 1884 872 1935 nisi
891 1898 952 1934 ex
971 1882 1213 1934 dissimili
1231 1899 1405 1936 rerum
1424 1884 1771 1937 humanorum
1790 1891 1929 1937 statu
1946 1894 1997 1935 et
2014 1886 2203 1951 impari

311 1962 577 2013 hominum
609 1961 812 2013 fortuna
841 1961 936 2011 Dei
971 1960 1341 2026 providentium
1379 1968 1748 2026 cognoverunt,
1790 1961 1890 2013 eibi
1916 1976 2203 2028 persuase-

310 2045 450 2100 runt,
489 2039 710 2089 Iudaeos
728 2040 838 2090 Deo
859 2038 1149 2089 dilectiores
1167 2038 1382 2102 reliquis
1402 2038 1586 2100 ruisse,
1626 2039 1863 2103 quamvis
1882 2045 2051 2091 temen
2070 2040 2203 2091 reli-

310 2130 444 2183 quos
463 2130 578 2168 vere
597 2115 821 2166 humane
841 2115 1153 2181 perfectione
1172 2130 1278 2167 non
1295 2116 1675 2181 superaverint,
1716 2122 1775 2167 ut
1792 2117 1891 2167 iam
1912 2130 2027 2181 cap.
2049 2119 2201 2182 tertie

309 2193 635 2246 ostendimus
650 2193 726 2259 ⁸).

321 2320 327 2325 .
411 2270 498 2321 39.
537 2267 620 2320 Ad
649 2270 910 2320 tertium
939 2269 1096 2335 igitur
1123 2283 1307 2336 pergo,
1347 2274 1409 2321 ut
1434 2269 1628 2321 seilicet
1652 2282 1711 2319 ex
1731 2268 1993 2335 Scriptura
2014 2277 2200 2321 osten-

313 2347 456 2409 da'm,
497 2346 593 2397 Dei
611 2344 812 2397 decreta
833 2352 884 2397 et
901 2346 1143 2398 mandate
1161 2387 1174 2410 ,
1196 2354 1267 2399 -et
1283 2354 1657 2411 consequenter
1676 2346 2047 2412 providentiam
2066 2347 2199 2399 nih-it

306 2436 424 2493 esse
453 2436 624 2475 revera
653 2430 854 2490 praeter
877 2430 1092 2476 naturae
1121 2424 1383 2485 ordinem,
1425 2424 1521 2474 hoc
1546 2430 1649 2483 est,
1692 2423 1901 2487 quando
1932 2423 2201 2489 Scriptura

307 2501 448 2560 dicit,
473 2500 570 2551 hoc
588 2500 664 2551 vel
686 2499 813 2555 illud
833 2502 981 2552 eDeo
1000 2502 1076 2553 vel
1091 2502 1190 2553 Dei
1208 2502 1461 2553 voluntate
1483 2500 1691 2561 fectum,
1716 2500 1839 2551 nihil
1860 2500 2002 2551 eliud
2020 2515 2201 2553 revera

307 2577 607 2643 intelligere,
623 2592 778 2642 quem
797 2576 936 2643 qued
951 2577 1003 2629 id
1018 2579 1195 2645 ipsum
1212 2577 1498 2629 secundum
1514 2577 1652 2643 leges
1664 2583 1717 2628 et
1728 2576 1960 2629 ordinem
1982 2584 2199 2629 naturae

305 2655 460 2705 fuerit
485 2654 708 2716 factum,
748 2669 850 2705 nen
869 2662 1070 2717 eutem,
1107 2662 1168 2706 ut
1187 2655 1371 2720 vulgus
1400 2656 1666 2721 opinetur,
1709 2654 1845 2719 quod
1876 2661 2055 2705 nature
2086 2662 2199 2707 tam

307 2730 398 2783 diu
415 2732 635 2783 cessavit
653 2744 816 2797 egere,
847 2738 938 2783 eut
955 2731 1096 2797 quod
1113 2733 1229 2784 eius
1246 2731 1383 2783 ordo
1392 2730 1713 2799 aliquamdiu
1732 2731 2052 2799 interruptus
2068 2731 2195 2785 fuit.

409 2936 452 2987 1)
480 2933 579 2977 Vid.
600 2943 704 2988 cup.
725 2936 764 2975 2.
785 2935 826 2986 ς.
848 2935 913 2975 1².
933 2945 1035 2990 sqq.

408 2997 452 3055 2)
489 2995 512 3034 1
533 2992 637 3038 Gor.
657 2995 701 3042 9,
717 2995 784 3038 ²⁰.
805 3004 874 3048 sq.

409 3054 456 3107 ³)
490 3054 589 3099 vid.
611 3065 716 3109 cap.
735 3056 776 3094 3.
795 3054 835 3105 ς.
857 3054 922 3095 ⁵¹1.
