2350 3475
339 86 422 145 2⁰
741 86 1133 133 ’rueramus
1173 86 1831 135 marcomeres-Pomm.

339 271 572 319 montem
581 266 724 317 Sinai
743 265 1102 329 descenderit),
1127 274 1179 319 et
1197 266 1417 319 Iudaeos
1436 280 1542 316 non
1562 271 1763 316 tantum
1786 250 1907 316 &um
1928 264 2235 330 loquentem

337 335 625 399 audivisse,
669 334 762 386 sed
782 342 1046 400 magnates
1069 351 1190 387 eum
1212 337 1363 387 etiam
1382 334 1593 387 vidisse.
1668 333 1797 385 Vide
1818 333 1981 385 Exodi
2002 347 2119 398 cap.
2141 334 2237 391 24.

337 413 444 463 Nec
465 411 541 463 lex
559 412 700 464 Mosi
724 411 942 462 revelata
956 450 972 473 ,
1015 415 1096 465 cui
1116 412 1244 465 nihil
1266 412 1482 473 addere,
1523 411 1654 463 nihil
1672 411 1899 463 adimere
1926 410 2141 471 licebat,
2185 419 2247 461 et.

341 503 475 553 quae
507 495 753 553 tanquam
785 488 870 539 ius
906 491 1100 554 patriae
1136 491 1377 542 instituta
1414 488 1538 552 fuit,
1578 502 1811 555 unquam
1845 488 2110 555 praecepit
2124 525 2139 548 ,
2179 492 2249 537 ut

341 565 631 626 credamus,
655 566 825 615 Deum
847 578 965 617 esse
984 566 1361 633 incorporeum,
1387 578 1483 617 nec
1502 566 1656 616 etiam
1674 580 1799 617 eum
1820 565 2021 617 nullam
2042 561 2243 621 babere

341 642 622 706 imaginem
643 642 752 693 sive
773 642 1008 708 figuram,
1030 644 1122 695 sed
1145 650 1345 695 tantum
1363 644 1532 695 Deum
1552 656 1669 694 esso
1688 644 1840 707 eique
1858 642 2066 694 credere
2082 654 2249 693 eum-

341 732 446 781 que
465 718 638 770 solum
659 718 887 781 adorare,
932 734 962 769 a
979 720 1134 771 cuius
1152 720 1294 772 cultu
1316 734 1381 771 ne
1402 718 1745 780 discederent,
1786 719 2064 785 praecepit,
2102 732 2170 768 ne
2190 718 2247 767 ci
2343 738 2344 741 ¹

341 794 569 859 aliquam
607 796 886 861 imaginem
925 796 1254 863 amager-ent,
1304 811 1399 848 nec
1435 796 1593 847 ullam
1634 796 1873 850 facerent.
1970 796 2055 847 18.
2103 795 2247 846 Nam

344 872 771 937 quandoquidem
789 873 888 923 Dei
908 874 1187 938 imaginem
1208 888 1314 923 uon
1334 873 1589 935 viderant,
1630 873 1827 924 nullam
1859 872 2027 925 facere
2050 879 2248 937 potue-
2343 892 2344 917 ι

343 954 488 1012 rant,
521 963 656 1014 quae
674 951 842 1001 Deum
857 988 871 1011 ,
903 952 998 1001 sed
1018 964 1154 1015 quae
1174 951 1463 1001 necessario
1485 964 1593 1001 rem
1614 949 1767 1002 aliam
1788 956 2008 1001 creatam
2022 983 2037 1008 ,
2078 962 2249 1013 quam

345 1024 606 1088 viderant,
645 1026 882 1093 referret,
923 1026 1157 1092 adeoque
1175 1014 1266 1077 ubi
1292 1027 1459 1077 Deum
1481 1040 1572 1093 per
1590 1025 1731 1077 illam
1753 1028 2031 1095 imaginem
2050 1024 2249 1076 adora-

341 1108 484 1162 rent,
506 1117 610 1154 non
633 1102 698 1154 de
715 1106 824 1154 Deo
839 1142 853 1165 ,
877 1102 970 1154 sed
993 1103 1056 1153 de
1077 1119 1128 1155 re
1143 1142 1157 1166 ,
1184 1118 1339 1168 quam
1364 1102 1449 1154 illa
1469 1105 1639 1169 imago
1662 1104 1903 1164 referret,
1933 1102 2245 1167 cogitarent,

343 1185 394 1228 et
431 1179 507 1229 sic
545 1179 753 1230 tandem
793 1178 1042 1231 honorem
1083 1182 1176 1230 Dei
1216 1180 1433 1245 eiusque
1472 1180 1670 1231 cultum
1704 1179 1780 1230 illi
1820 1181 1893 1231 rei
1930 1178 2249 1230 tribuerent.

347 1255 488 1317 Quin
518 1256 624 1307 imo
644 1256 905 1323 Scriptura
937 1256 1072 1307 clare
1097 1257 1476 1308 indicatDeum
1507 1256 1694 1309 babere
1722 1256 1966 1323 figuram,
2007 1264 2057 1307 et
2076 1256 2247 1315 mosi,

339 1332 436 1383 ubi
453 1334 623 1385 Deum
643 1333 946 1399 loquentem
964 1334 1233 1397 audiebat,
1264 1348 1378 1385 eam
1399 1334 1698 1400 adspexisse
1714 1370 1727 1395 ‚
1762 1346 1857 1385 nec
1874 1340 2047 1385 tamen
2062 1332 2255 1385 videre
2343 1362 2344 1365 =

341 1411 648 1475 contigisse,
691 1412 792 1463 nisi
821 1412 916 1463 Dei
955 1412 1238 1476 posteriora
1256 1411 1326 1477 ¹).
1400 1412 1573 1473 Quare
1600 1424 1705 1463 non
1736 1409 1948 1472 dubito,
1990 1410 2117 1476 quin
2158 1409 2255 1461 bic
2343 1464 2344 1467 ,

341 1486 554 1552 aliquod
590 1487 744 1537 lateat
777 1488 1105 1553 mysterium,
1164 1486 1229 1537 de
1270 1500 1375 1551 quo
1411 1486 1543 1537 infra
1574 1487 1743 1538 fusius
1772 1487 2065 1553 loquemur.
2138 1488 2256 1539 Hic
2343 1528 2344 1543 2

341 1564 620 1614 ostendere
646 1578 856 1629 pergam
886 1564 998 1614 loca
1017 1564 1339 1628 Scripturas,
1380 1577 1515 1628 quae
1544 1564 1714 1615 media
1744 1564 1999 1626 indicant,
2038 1562 2255 1629 quibus
2343 1590 2344 1593 ¹

342 1639 486 1690 Deus
505 1653 602 1689 sua
621 1638 822 1690 decreta
842 1638 1143 1691 bominibus
1163 1639 1421 1691 revelavit.
1854 1668 1881 1695 η

449 1716 532 1767 19.
571 1713 726 1779 Quod
747 1716 984 1768 revelatio
1005 1730 1096 1783 per
1115 1715 1255 1768 solas
1274 1717 1529 1783 imagines
1545 1718 1789 1784 contigit,
1830 1724 1970 1786 patet
1990 1732 2048 1770 ex
2065 1718 2253 1784 primo
2343 1765 2344 1776 ,

339 1791 569 1859 Paralip.
600 1807 716 1858 cap.
737 1795 824 1846 22.
843 1832 859 1855 ,
900 1793 991 1845 ubi
1023 1795 1166 1845 Deus
1193 1793 1378 1846 Davidi
1406 1794 1537 1845 iram
1568 1809 1719 1846 suam
1758 1797 1987 1848 ostendit
2018 1809 2112 1862 per
2142 1809 2256 1846 an-

341 1869 516 1934 gelum
553 1869 782 1936 gladium
811 1885 972 1922 manu
1001 1869 1422 1937 prehendentem.
1496 1872 1583 1922 Sic
1612 1873 1767 1923 etiam
1794 1873 2007 1925 Balamo
2021 1873 2097 1938 ⁸).
2180 1873 2259 1924 Et

343 1949 582 2010 quamvis
600 1948 944 2001 Maimonides
963 1953 1014 1998 et
1033 1947 1118 1998 alii
1137 1947 1273 1998 banc
1291 1948 1561 2000 historiam
1580 1955 1631 1998 et
1649 1948 1827 2000 itidem
1848 1963 2031 2002 omnes
2044 1987 2058 2009 ,
2102 1961 2256 2014 quae

341 2024 509 2088 angeli
529 2023 748 2076 alicu-ius
767 2025 1142 2091 apparitionem
1162 2033 1390 2089 narrant,
1411 2034 1472 2076 ut
1488 2024 1575 2076 illa
1594 2026 1815 2078 Manoae
1830 2026 1905 2093 ⁸),
1928 2025 2251 2089 Abrabami,

343 2100 436 2151 ubi
461 2100 626 2154 filium
646 2102 912 2153 immolare
931 2101 1147 2167 putabat
1161 2103 1217 2170 ⁴)
1237 2109 1337 2153 etc.
1358 2141 1371 2163 ,
1414 2103 1469 2153 in
1499 2103 1701 2154 somnis
1728 2103 2009 2168 contigisse
2033 2101 2252 2165 volunt,
2343 2093 2344 2150 ἒ

343 2192 451 2228 non
471 2193 588 2230 vero
602 2218 615 2241 ,
641 2177 781 2244 qnod
801 2178 992 2244 aliquis
1013 2179 1180 2230 oculis
1200 2179 1390 2244 apertis
1411 2179 1650 2245 angelum
1671 2179 1840 2231 videre
1860 2181 2115 2245 potnerit:
2162 2179 2255 2231 illi

343 2269 472 2306 sane
491 2257 724 2321 garriunt
741 2272 754 2317 ;
795 2271 914 2308 nam
934 2256 1058 2307 nibil
1079 2255 1222 2307 aliud
1240 2263 1561 2318 curaverunt,
1606 2270 1765 2322 quam
1786 2269 1951 2322 nugas
1970 2255 2253 2309 Aristote-

341 2332 470 2383 licas
499 2340 550 2383 et
575 2347 669 2384 sua
697 2334 901 2400 propria
935 2333 1176 2399 figmenta
1214 2346 1275 2384 ex
1302 2332 1562 2398 Scriptura
1598 2340 1923 2398 extorquere3
1965 2345 2072 2400 quo
2108 2336 2257 2386 mihi

341 2409 556 2475 quidem
577 2409 702 2460 nihil
723 2411 888 2476 magis
907 2409 1185 2461 ridiculum
1204 2409 1425 2460 videtur.

447 2489 536 2540 20.
572 2487 896 2553 Imaginibus
929 2501 1048 2537 vero
1083 2500 1189 2538 non
1227 2484 1483 2546 realibuS,
1524 2485 1617 2537 sed
1655 2499 1683 2536 a
1720 2486 1835 2537 sola
1869 2485 2255 2552 imaginatione

341 2563 624 2630 prophetae
655 2561 1072 2630 dependentibus
1100 2561 1340 2613 revelavit
1366 2563 1511 2612 Deus
1539 2559 1763 2628 Iosepbo
1799 2561 2091 2614 dominium
2132 2565 2255 2618 sihi

343 2639 580 2693 futurum
599 2641 675 2708 ⁵¹).
746 2641 843 2690 Per
870 2639 1124 2705 imagines
1145 2646 1197 2690 et
1212 2637 1366 2692 verba
1388 2638 1624 2692 revelavit
1642 2640 1789 2692 Deus
1806 2641 1991 2692 losuae
2004 2679 2019 2703 ,
2064 2653 2123 2693 se
2142 2653 2255 2708 pro

449 2811 492 2862 t)
525 2808 671 2854 Exod.
691 2809 760 2865 82,
779 2809 846 2849 m.
868 2819 970 2864 sqq.

447 2872 491 2920 2)
529 2870 667 2912 Num.
688 2878 794 2924 cap.
811 2869 879 2912 22.

446 2931 492 2981 3)
532 2927 680 2973 ludic.
703 2938 804 2984 cap.
827 2930 893 2970 13.

445 2989 488 3038 4)
529 2985 641 3029 Gen.
664 2997 767 3042 cap.
785 2989 851 3028 22.

445 3047 490 3100 a)
527 3045 641 3091 Gen.
663 3057 766 3104 cap.
784 3049 854 3089 37.
