2350 3475
909 124 1048 171 car.
1097 123 1225 171 xx.
1274 116 1279 123 ·
1324 86 1330 92 ’
1874 116 2004 179 269

115 298 406 355 habeantur
429 306 480 359 et
505 298 572 367 ad
599 313 782 363 necem
800 299 1088 365 ducantur,
1127 307 1181 353 et
1201 300 1339 368 qnod
1360 305 1579 362 catasta,
1617 296 1875 351 mulorum
1894 298 2003 351 ior-

116 377 288 440 mido,
337 377 740 445 pulcherrimum
785 378 876 431 flet
919 381 1179 432 theatrum
1216 378 1281 431 nd
1316 392 1581 431 summum
1617 376 1915 429 tolerantiae
1952 385 2004 429 ct

116 457 323 507 virtutis
341 454 634 522 exemplum
653 470 772 519 cum
791 456 984 523 insigni
1005 457 1287 509 maiestatis
1308 447 1590 522 opprobrio
1600 449 2005 506 ostentandam?

117 532 206 587 36.
249 532 353 599 Qui
373 532 510 584 enim
529 546 588 583 se
605 532 856 585 honestos
875 541 1091 597 norunt,
1131 540 1349 586 mortem
1370 540 1431 585 ut
1448 532 1657 585 scelesti
1674 546 1777 585 non
1798 531 2000 593 timent,

117 623 214 661 nec
244 608 557 677 supplicium
586 609 949 682 deprecentur3
991 624 1172 663 eorum
1200 611 1395 678 quippe
1422 611 1635 663 enimus
1660 607 1801 662 nulla
1838 606 2005 674 turpis

117 685 239 738 facti
263 686 584 753 poenitentia
613 688 844 753 angitur,
883 686 977 741 se'd
1006 696 1183 741 contra
1208 689 1483 741 honestum
1500 726 1517 751 ,
1551 702 1659 740 non
1687 684 2003 751 supplicium

116 770 333 829 putant,
373 777 468 830 pro
493 761 632 815 bono
661 778 821 817 ceusu
850 766 1008 827 mori,
1047 772 1098 817 et
1121 780 1217 834 pro
1236 764 1471 819 libertate
1488 764 1789 831 gloriosum.
1860 760 2005 823 Quid

115 854 240 905 ergo
258 839 441 892 talium
460 854 586 892 nece
606 840 822 909 exempli
840 842 1110 905 statuitur,
1151 843 1303 895 cuius
1322 855 1531 895 causam
1552 842 1742 893 inertes
1760 845 1815 891 et
1830 838 2008 891 animo

115 918 430 983 impotentes
467 918 729 984 ignorant,
769 918 1002 971 seditiosi
1039 918 1265 971 oderunt
1291 926 1343 972 et
1367 918 1567 971 honesti
1602 912 1809 969 emant?
1842 917 2011 968 Nemo

115 1007 249 1045 sanc
281 1006 341 1044 ex
365 993 546 1047 eadem
571 994 863 1061 exemplum
889 1010 1071 1063 capere
1097 1002 1297 1063 potest,
1338 997 1441 1047 nisi
1459 994 1527 1093 ad
1544 993 1885 1057 imitandum,
1927 992 2007 1044 vel

115 1071 306 1122 saltem
325 1070 391 1129 ad
409 1070 746 1125 adulandum.

141 1156 146 1161 ·
224 1147 312 1200 37.
349 1148 426 1200 Ne
453 1146 628 1215 itaque
657 1150 960 1211 assentatio,
997 1148 1094 1201 sed
1120 1156 1183 1201 ut
1206 1146 1336 1201 fides
1358 1148 1418 1199 in
1438 1148 1605 1215 pretio
1626 1150 1695 1199 sit
1712 1151 1767 1199 et
1782 1154 1843 1199 ut
1857 1160 2011 1199 sum—

117 1238 236 1277 mae
265 1230 546 1292 potestates
572 1226 847 1293 imperium
877 1227 1068 1294 optime
1093 1228 1378 1290 retineant,
1418 1238 1517 1277 nec
1542 1224 1805 1278 seditiosis
1824 1224 2011 1275 cedere

117 1310 400 1369 cogantur,
437 1300 617 1354 iudicii
643 1301 858 1355 libertas
887 1304 1183 1357 necessario
1210 1301 1537 1355 concedende
1556 1309 1664 1364 est,
1702 1308 1755 1351 et
1773 1300 2011 1353 homines

119 1379 189 1429 ita
221 1378 435 1443 regendi
463 1385 615 1441 sunt,
654 1386 713 1431 ut
739 1382 974 1445 quamvis
1005 1382 1205 1435 diversa
1235 1387 1287 1431 et
1304 1380 1558 1436 contraria
1575 1379 1746 1446 palem
1764 1377 2007 1439 sentiant,

121 1454 454 1508 concorditer
481 1463 653 1508 temen
691 1454 880 1509 vivant.
950 1459 1056 1515 Nec
1093 1457 1333 1511 dubitare
1370 1470 1681 1523 possumus,
1722 1453 2015 1521 quinbaee

123 1532 255 1583 ratio
276 1532 565 1600 imperandi
585 1536 777 1600 optima
797 1534 896 1599 sit,
929 1542 981 1587 et
1000 1536 1200 1587 minora
1218 1536 1439 1602 patiatur
1455 1528 1809 1595 incommodo,
1840 1544 2015 1598 quan-

121 1607 407 1675 doquidem
434 1622 552 1662 cum
582 1607 850 1662 bominum
871 1621 1050 1665 ustura
1071 1616 1294 1665 maxime
1313 1612 1568 1665 convenit.
1641 1610 1729 1663 38.
1762 1611 1823 1661 In
1842 1610 2013 1675 impe-

121 1688 202 1740 rio
223 1686 361 1751 enim
386 1686 726 1740 democratico
752 1687 919 1756 (quod
941 1690 1162 1743 maxime
1180 1689 1245 1742 nd
1267 1695 1459 1742 statum
1478 1688 1765 1742 naturalem
1785 1684 2011 1755 accedit)

121 1777 311 1814 ornnes
339 1765 529 1829 pacisci
560 1765 888 1818 ostendimus
899 1766 980 1836 *),
1021 1781 1079 1819 ex
1109 1768 1377 1820 communi
1396 1767 1601 1819 decreto
1622 1780 1798 1836 agere,
1837 1772 1889 1817 at
1908 1779 2013 1816 non

119 1841 357 1892 iudicare
377 1849 430 1892 et·
445 1843 766 1904 ratiocinati-h
804 1842 902 1896 hoc
921 1847 1025 1909 est,
1068 1847 1191 1914 quie
1210 1858 1394 1898 omnes
1413 1844 1651 1896 homines
1670 1859 1771 1896 non
1792 1848 2015 1910 possunt

121 1931 292 1983 neque
311 1917 491 1970 eadem
511 1919 732 1980 sentire,
773 1923 905 1985 pacti
923 1932 1075 1988 sunt,
1116 1931 1176 1975 ut
1193 1923 1247 1976 id
1266 1925 1367 1976 vim
1388 1923 1579 1974 decreti
1597 1921 1831 1983 haberet,
1872 1919 2011 1986 quod

119 1993 350 2062 plurima
382 1993 593 2048 heberet
610 1995 881 2062 suffragia,
917 2000 1185 2052 retinendo
1206 2000 1411 2052 interim
1431 2000 1785 2051 auctoritatem
1806 1997 2011 2059 eedem,
2032 2013 2036 2016 “

122 2070 220 2122 ubi
251 2070 463 2124 meliora
492 2073 736 2137 viderint,
775 2072 1079 2141 abrogandi.
1152 2076 1272 2139 Quo
1301 2077 1459 2141 igitur
1485 2074 1785 2128 bominibus
1804 2072 2013 2126 libertas

120 2146 393 2200 iudicandi
431 2150 605 2203 minus
642 2151 971 2215 conceditur,
1009 2166 1070 2204 eo
1109 2168 1139 2204 ι
1174 2160 1313 2204 statu
1341 2153 1561 2204 maxime
1588 2150 1809 2205 naturali
1845 2151 2013 2218 magis

121 2225 409 2286 receditur,
457 2233 506 2278 et
544 2235 922 2294 consequenter
957 2229 1231 2282 violentius
1267 2237 1527 2295 regnatur.
1600 2231 1689 2283 39.
1737 2230 1804 2279 Ut
1836 2235 2010 2279 eutem

119 2316 280 2372 porro
307 2310 529 2364 constet,
569 2317 628 2356 ex
644 2303 741 2356 hac
767 2303 1002 2364 libertate
1031 2305 1171 2359 nulle
1203 2307 1323 2358 oriri
1351 2306 1705 2371 incommode,
1744 2318 1879 2371 quoe
1908 2318 2011 2354 non

122 2381 332 2448 possint
351 2380 461 2432 sola
479 2395 715 2434 summae
733 2385 1002 2450 potestatis
1018 2385 1319 2436 auctoritate
1334 2385 1501 2446 vitari,
1523 2391 1575 2436 et
1592 2383 1687 2434 bac
1704 2382 1815 2434 soie
1836 2380 2013 2432 bomi-

121 2471 221 2510 nes
238 2496 253 2519 ‚
293 2456 389 2508 etsi
419 2457 590 2526 palem
619 2463 872 2512 contrarie
897 2462 1211 2522 sentientes,
1250 2461 1399 2514 facile
1419 2462 1655 2522 retineri,
1693 2475 1759 2510 ne
1776 2459 1829 2510 in
1847 2459 2009 2510 vicem

119 2533 350 2597 laedant,
385 2535 612 2608 exempla
632 2544 836 2604 praesto
855 2545 1007 2600 sunt;
1047 2552 1142 2590 nec
1160 2552 1295 2604 opus
1315 2536 1441 2589 mibi
1458 2545 1541 2590 est
1558 2552 1617 2590 ee
1638 2537 1789 2604 longe
1816 2542 2009 2604 petere.

121 2612 216 2664 40.
253 2610 390 2663 Urbs
409 2612 888 2666 Amstelaedemum
909 2614 1139 2682 exemplo
1160 2617 1249 2675 sit,
1272 2629 1409 2681 quae
1425 2622 1563 2667 tanto
1583 2627 1709 2666 eum
1722 2627 1821 2664 sno
1838 2613 2012 2663 incre-

122 2695 303 2742 mento
341 2697 393 2739 et
419 2690 652 2742 omnium
681 2691 946 2742 nationum
975 2691 1311 2745 admiratione
1339 2691 1495 2744 buius
1522 2691 1775 2746 libertatis
1810 2690 2012 2742 fructus

123 2765 402 2833 experitur.
475 2766 538 2817 In
567 2766 663 2818 bec
689 2768 829 2821 enim
855 2767 1220 2822 florentissime
1240 2767 1503 2836 republica
1523 2776 1575 2822 et
1590 2769 1721 2822 urbe
1740 2774 2013 2835 praestan-

126 2843 333 2896 tissima
370 2857 549 2895 omnes
583 2839 974 2913 cuiuscumque
995 2847 1221 2900 nationis
1255 2854 1309 2898 et
1344 2855 1513 2900 sectae
1540 2845 1779 2900 homines
1804 2857 2011 2899 summa

125 2935 250 2976 cnm
286 2920 557 2972 concordia
584 2922 786 2988 vivunt,
823 2927 874 2976 et
900 2930 958 2976 ut
983 2924 1138 2978 alicui
1164 2923 1305 2977 bona
1332 2915 1428 2978 sua'
1452 2925 1691 2990 credant,
1728 2923 1785 2976 id
1808 2923 2009 2978 tantu-
2049 2920 2053 2924 ’

231 3094 274 3146 ⁸)
307 3092 412 3136 Vid.
431 3101 532 3148 cop.
555 3093 620 3137 te.
641 3094 683 3148 ς.
701 3094 773 3137 25.
791 3105 895 3152 sqq.
