2350 3475
402 118 525 191 ’196
800 132 1194 182 Tmou-rus
1227 134 1886 180 Tnnonoolco-rom‘r.

402 312 480 363 vel
502 314 906 380 supranaturalis
923 315 1008 366 sit.
1082 314 1169 368 32.
1207 314 1352 365 Haec
1369 320 1422 365 et
1439 312 1662 375 similia,
1699 314 1940 379 inquam,
1981 311 2120 363 nihil
2145 310 2291 364 refert

397 389 453 441 in
484 398 721 458 respectu
747 390 893 455 fidei,
936 406 1039 459 qua
1070 394 1268 443 ratione
1295 391 1661 457 unusquisque
1680 390 1954 456 inteiligat;
1995 388 2288 441 dummodo

396 466 527 518 nihil
548 481 667 520 eum
685 469 739 519 in
757 467 915 522 finem
936 468 1228 532 concludat,
1247 476 1305 519 ut
1323 469 1579 520 maiorem
1588 468 1849 521 licentiam
1870 467 1934 518 ad
1955 469 2317 534 peccandum

397 552 588 607 sumat,
610 544 688 596 vel
710 552 765 597 ut
782 547 959 599 minus
978 545 1065 598 fiat
1083 548 1194 599 Deo
1211 545 1600 614 obtemperans3
1633 545 1871 613 quinimo
1889 546 2317 611 unusquisque,

396 628 457 672 ut
472 622 575 672 iam
595 635 755 691 supra
774 624 1000 677 diximus
1020 624 1101 693 ¹),
1139 622 1267 675 haec
1285 622 1405 675 fidei
1425 622 1664 691 dogmata
1683 622 1748 675 ad
1767 636 1922 674 sunm
1952 630 2172 686 captum
2211 638 2288 674 ac-

396 697 725 759 commodare
750 708 983 766 tenetur,
1024 716 1189 768 eaque
1217 701 1321 753 sibi
1351 716 1412 753 eo
1448 702 1604 753 modo
1641 699 1993 767 interpretari,
2033 714 2142 765 quo
2189 699 2286 750 sibi

394 773 599 827 videtur
624 775 805 832 eadem
834 778 1039 831 facilius
1068 780 1184 831 sine
1211 778 1315 830 ulla
1352 778 1717 839 haesitatione,
1755 776 1847 828 sed
1885 777 2086 841 integro
2121 776 2286 827 animi

397 864 656 915 consensu
683 855 921 921 amplecti
948 870 1105 922 posse
1120 892 1133 917 ‚
1173 862 1235 908 ut
1259 860 1639 921 consequenter
1656 855 1766 907 Deo
1787 854 1942 921 pleno
1963 853 2125 904 animi
2149 868 2286 904 con-
2315 872 2317 887 ⁴

396 942 558 981 sensu
576 928 802 983 obediat.
874 932 962 984 33.
1000 934 1127 985 Nam
1143 972 1157 995 ,
1181 934 1363 985 utiam
1383 934 1536 985 etiam
1559 934 1860 984 monuimus
1871 934 1948 995 ²),
1981 931 2137 981 sicuti
2161 932 2285 981 olim

394 1004 527 1058 fides
554 1008 848 1061 secuudum
876 1016 1085 1076 captum
1114 1015 1163 1065 et
1191 1011 1464 1077 opiniones
1492 1009 1861 1075 prophetarum
1893 1014 1942 1059 et
1969 1008 2108 1073 vulgi
2135 1007 2284 1059 illius

396 1085 646 1152 temporis
664 1086 882 1138 revelata
900 1086 1198 1155 scriptaque
1217 1086 1333 1149 fuit,
1357 1088 1432 1139 sic
1451 1087 1603 1138 etlam
1623 1088 1727 1138 iam
1747 1085 2116 1151 unusquisque
2131 1093 2286 1135 tene-

393 1166 481 1213 tur
502 1162 721 1215 eandem
740 1164 851 1215 suis
871 1164 1212 1230 opinionibus
1233 1164 1650 1227 accommodare,
1692 1170 1751 1215 ut
1775 1164 1854 1214 sic
1880 1162 2048 1229 ipsam
2081 1161 2285 1227 absque
2316 1184 2317 1189 κ

392 1234 505 1291 ulla
538 1241 727 1292 mentis
765 1242 1101 1307 repugnantia
1136 1242 1356 1308 sineque
1393 1242 1498 1293 ulla
1533 1241 1871 1293 haesitatione
1917 1238 2283 1305 amplectatur.

396 1316 742 1369 Ostendimus
770 1318 909 1370 enim
928 1318 1007 1383 ⁸),
1046 1317 1205 1372 iidem
1235 1332 1338 1371 non
1371 1324 1474 1370 tam
1501 1320 1766 1371 veritatem
1785 1356 1798 1380 ,
1838 1330 1994 1383 quam
2032 1318 2284 1383 pietatem

393 1395 618 1460 exigere,
660 1402 713 1446 et
738 1410 841 1447 non
870 1396 973 1447 nisi
998 1396 1194 1448 ratione
1213 1395 1536 1448 obedientiae
1555 1395 1694 1463 piam
1715 1401 1768 1447 et
1789 1392 2114 1445 salutiferam
2135 1408 2280 1455 esse3

393 1478 447 1523 et
472 1480 851 1537 consequenter
878 1473 1143 1525 neminem
1172 1474 1279 1523 nisi
1311 1474 1514 1525 ratione
1540 1471 1870 1524 obedientiae
1901 1468 2109 1522 fidelem
2145 1484 2282 1523 esse.

392 1547 567 1609 Quare
584 1563 691 1600 non
708 1550 817 1611 ille,
836 1550 927 1614 qui
946 1552 1171 1616 optimas
1189 1549 1418 1601 ostendit
1433 1550 1662 1605 rationes
1674 1588 1689 1612 ‚
1713 1550 1967 1617 optimam
1981 1550 2284 1599 necessario
2316 1598 2317 1607 ,

392 1624 833 1691 ostendam,
874 1625 967 1677 sed
996 1626 1113 1688 iile,
1150 1628 1249 1693 qui
1273 1629 1474 1693 optima
1503 1626 1735 1679 ostendit
1759 1640 1922 1693 opera
1950 1626 2198 1676 iustitiae
2234 1631 2290 1676 et
2316 1654 2317 1671 ι

390 1704 657 1752 car-itane.
730 1703 816 1754 34.
854 1702 1002 1765 Quae
1032 1703 1292 1765 doctrina,
1336 1718 1491 1770 quam
1521 1704 1764 1758 salutaris
1793 1713 2058 1770 quamque
2097 1714 2286 1756 neces·
2316 1708 2317 1768 ξ

390 1779 527 1829 saria
552 1779 625 1830 sit
650 1780 702 1830 in
734 1779 1024 1846 republica,
1064 1788 1123 1831 ut
1156 1781 1396 1833 homines
1425 1783 1638 1850 pacifice
1666 1789 1718 1834 et
1748 1778 2075 1834 concorditer
2091 1780 2282 1842 vivant,
2316 1773 2317 1822 ἶ

392 1862 641 1920 quotque,
662 1856 906 1922 inq-uam,
930 1863 1258 1923 quantasque
1279 1859 1729 1924 perturbationum
1753 1865 1804 1910 et
1821 1858 2083 1910 scelerum
2100 1871 2287 1910 causas
2316 1855 2317 1912 Ϊ

388 1931 735 1996 praescindat,
758 1933 1005 1987 omnibus
1024 1933 1362 1986 iudicandum
1385 1937 1643 2003 relinquo.
1715 1936 1805 1988 35.
1843 1935 2016 2002 Atque
2035 1933 2122 1986 hic
2139 1943 2287 1988 ante·
2316 1939 2317 2012 ᾗ

392 2021 549 2072 quam
580 2010 799 2063 ulterius
827 2025 1067 2078 pergam,
1106 2013 1395 2064 notandum
1423 2015 1591 2078 venit,
1631 2027 1728 2065 nos
1768 2028 1827 2064 ex
1863 2011 2018 2064 modo
2055 2015 2284 2065 ostensis
2316 2013 2317 2016 ’

390 2085 539 2137 facile
569 2087 883 2153 respondere
910 2102 1065 2155 posse
1100 2089 1167 2141 ad
1205 2089 1558 2154 obiectiones,
1597 2105 1728 2157 quas
1765 2104 1881 2158 cap.
1913 2090 1960 2142 1.
2000 2091 2279 2151 morumne,

392 2163 603 2228 quando
628 2163 693 2217 de
711 2166 823 2217 Deo
850 2179 971 2218 cum
991 2166 1244 2220 Israelitis
1263 2182 1322 2218 ex
1341 2175 1517 2221 monte
1538 2169 1682 2242 Sinai
1703 2166 1948 2233 loquente
1965 2165 2124 2220 verba
2145 2167 2281 2220 feci·
2316 2191 2317 2216 ι

388 2255 511 2292 mus
527 2240 605 2308 ⁴).
678 2241 766 2295 3⁶.
802 2243 935 2297 Nam
954 2245 1194 2309 quamvis
1211 2259 1304 2296 voa
1321 2244 1436 2307 iila,
1476 2259 1632 2312 qnam
1659 2243 1922 2298 Israelitac
1950 2243 2278 2306 audiverunt,

385 2316 491 2370 illis
522 2317 823 2371 hominibus
857 2319 1055 2372 nnllam
1092 2321 1502 2388 philosophicam
1539 2337 1635 2375 sen
1671 2321 2088 2374 mathematicam
2127 2323 2284 2374 certi-

389 2394 625 2452 tudinem
646 2394 713 2448 de
730 2397 827 2449 Dei
848 2397 1112 2450 existentia
1130 2397 1256 2450 dare
1273 2405 1543 2465 potuerat,
1577 2398 1865 2452 sufficiehat
1883 2403 2055 2450 tamen
2078 2398 2144 2451 ad
2164 2413 2284 2452 eos-

388 2471 580 2524 demin
610 2473 1007 2528 admirationem
1036 2475 1163 2537 Dei,
1203 2482 1360 2542 prout
1385 2477 1557 2544 ipsum
1589 2484 1742 2530 antea
1759 2482 2034 2537 noverant,
2073 2478 2274 2542 rapien·
2316 2481 2317 2484 ’

386 2547 483 2600 dos
510 2556 559 2600 et
586 2550 653 2602 ad
679 2549 1028 2604 obedientiam
1046 2551 1404 2618 instigandos3
1445 2554 1534 2619 qni
1555 2552 1674 2606 finis
1693 2553 1838 2605 iliius
1857 2553 2139 2621 spectaculi
2160 2554 2276 2605 fuit.

384 2626 517 2677 Nam
537 2627 679 2678 Deus
710 2642 815 2680 non
834 2629 1037 2682 volebat
1053 2629 1314 2682 Israelitas
1342 2644 1468 2682 suae
1495 2632 1754 2683 essentiae
1780 2629 2018 2684 absoluta
2039 2631 2276 2683 attributa
2316 2679 2317 2686 ,

388 2701 573 2754 docere
594 2702 766 2771 (nulla
785 2706 923 2758 enim
944 2713 1055 2758 tum
1082 2707 1334 2773 temporis
1363 2706 1638 2777 revelavit)
1661 2747 1674 2769 ‚
1713 2707 1808 2760 sed
1838 2723 2018 2762 eorum
2046 2709 2274 2760 animum
2316 2699 2317 2744 ἑ

386 2784 746 2834 contumacem
783 2781 1019 2850 frangere
1056 2790 1109 2836 et
1145 2782 1211 2835 ad
1249 2784 1597 2838 obedientiam
1636 2785 1863 2852 trahere3
1914 2785 2142 2854 ideoque
2181 2801 2276 2839 non
2316 2781 2317 2844 J

488 2923 533 2972 1)
568 2921 671 2966 Vid.
691 2921 831 2970 huius
853 2937 959 2982 cap.
980 2929 1023 2980 s.
1043 2929 1086 2971 3.

485 2980 535 3033 2)
571 2979 674 3025 vid.
702 2980 843 3028 huius
862 2995 966 3042 cap.
987 2987 1074 3040 SA

494 3042 537 3088 8)
573 3039 675 3084 Vid.
696 3042 739 3093 ς.
760 3043 827 3086 2⁰.

490 3101 535 3153 4)
575 3097 670 3144 vid.
694 3111 795 3159 cap.
820 3105 858 3146 1.
880 3105 922 3158 ς.
946 3105 1010 3150 1⁰.
1032 3117 1136 3162 sqq.
