2350 3475
367 97 490 160 256
759 101 1152 148 TnAc'rATns
1190 101 1845 149 Tflnonofflco-Pom‘r.

367 294 481 343 neS,
507 287 610 332 tam
630 280 886 336 humanae
907 295 1061 346 quam
1083 279 1305 341 divinae,
1328 279 1705 334 accommodari
1726 278 1936 332 debent.
1976 278 2069 330 ‘At
2090 293 2266 345 quum
2312 233 2314 318 1

366 359 532 410 solius
559 373 794 410 summae
821 359 1090 424 potestatis
1125 355 1353 410 officium
1382 359 1475 420 sit,
1515 357 1885 418 determinare,
1924 357 2049 423 quid
2093 357 2261 408 saluti

366 437 526 486 totius
547 435 726 502 populi
747 442 798 486 et
813 435 1016 500 imperii
1037 435 1297 486 securitati
1319 449 1531 488 necesse
1550 437 1646 498 sit,
1686 433 1881 500 etquid
1902 447 2117 486 necesse
2134 449 2263 485 esse

363 512 692 574 iudicaverit,
733 511 1010 578 imperere3
1051 511 1172 563 hinc
1198 511 1461 578 sequitur,
1504 513 1670 565 solius
1706 513 1861 564 etiem
1890 525 2127 562 summae
2154 526 2262 576 po-

367 590 564 642 testatis
584 588 804 640 officium
825 601 962 650 esse,
984 588 1345 652 determinare,
1374 603 1477 655 que
1498 590 1690 642 ratione
1710 589 2075 654 unusquisque
2096 587 2263 640 debet

365 667 654 732 proximum
681 665 868 730 pietate
895 664 1087 729 colere,
1128 665 1227 716 hoc
1253 673 1361 728 est,
1398 681 1501 732 que
1530 667 1725 718 ratione
1752 666 2123 731 unnsquisque
2140 667 2261 716 Deo

365 742 576 794 obedire
612 747 834 793 tenetur.
907 742 1109 796 25:131
1145 741 1227 793 his
1263 743 1401 795 clare
1436 742 1799 810 intelligimine,
1846 756 1966 808 qna
2001 743 2263 793 ratione

365 831 644 870 summae
681 825 1040 884 potestates
1067 820 1461 886 interpretes
1490 819 1833 886 religionis
1858 818 2024 880 sint;
2064 819 2261 872 deinde

366 895 510 962 quod
535 909 688 946 nemo
707 896 818 946 Deo
838 902 972 947 recte
990 895 1203 948 obedire
1223 903 1409 962 potest,
1430 897 1477 948 si
1494 896 1692 948 cultum
1712 897 1937 962 pietatis,
1960 911 2067 962 qua
2084 911 2259 946 unus-

367 974 593 1038 quisque
634 979 863 1034 tenetur,
902 972 1146 1039 publicae
1182 973 1391 1027 utilitati
1428 989 1531 1024 non
1568 971 1947 1035 accommodet,
1986 980 2035 1024 et
2064 987 2261 1024 eonse—

368 1056 610 1114 quenter‚
657 1051 706 1102 si
749 1049 994 1102 omnibus
1037 1066 1277 1102 summae
1313 1051 1581 1117 potestatis
1618 1049 1839 1102 decretis
1878 1064 1981 1100 non
2022 1049 2259 1102 obediat.
2312 1043 2314 1112 ἱ

366 1127 452 1180 26.
493 1127 624 1178 Nam
652 1126 1072 1193 quandoquidem
1103 1142 1163 1179 ex
1185 1129 1280 1179 Dei
1310 1126 1551 1179 mandato
1588 1141 1771 1178 omnes
1808 1125 1979 1192 (nullo
2014 1129 2260 1194 excepto)

367 1204 608 1268 pietatem
627 1203 792 1255 colere
811 1211 1070 1267 tenemur,
1092 1206 1394 1270 neminique
1416 1204 1664 1254 damnum
1684 1204 1895 1264 inferre,
1928 1203 2049 1254 hinc
2066 1205 2259 1270 sequi·-

367 1287 476 1344 tur,
515 1281 708 1332 nemini
730 1281 912 1342 licere,
933 1295 1086 1347 opem
1107 1281 1260 1338 alicui
1279 1295 1395 1332 cum
1416 1281 1629 1332 alterins
1644 1320 1656 1342 ,
1681 1287 1731 1332 et
1750 1280 2109 1332 multominus
2130 1296 2257 1332 eum

369 1358 530 1410 totius
561 1357 874 1424 reipublicae
901 1357 1090 1410 damno
1119 1359 1279 1419 ferre3
1316 1357 1553 1424 adeoque
1590 1359 1849 1410 neminem
1886 1371 2041 1423 posse
2076 1361 2258 1424 proxi-

369 1449 514 1487 mum
552 1435 736 1502 pietate
771 1435 938 1487 colere
975 1435 1267 1488 secundum
1292 1436 1391 1487 Dei
1428 1433 1759 1500 mandatum,
1800 1435 1900 1486 nisi
1932 1435 2174 1500 pietatem
2208 1442 2261 1486 et

369 1512 670 1576 religionem
688 1511 930 1579 publicae
949 1513 1156 1564 utilitati
1178 1512 1548 1564 accommodet.
1622 1511 1710 1564 27.
1740 1512 1811 1564 At
1830 1510 2005 1562 nullus
2024 1511 2257 1577 privatus

370 1590 501 1641 scire
521 1594 714 1654 potest,
739 1588 865 1654 quid
885 1588 1201 1654 reipublicae
1221 1589 1347 1658 utile
1366 1589 1459 1650 sit,
1494 1589 1595 1640 nisi
1615 1603 1673 1640 ex
1693 1587 1909 1640 decretis
1928 1603 2256 1640 summarum

370 1673 680 1732 potestatum
699 1702 712 1725 ,
751 1680 971 1731 quarum
994 1672 1194 1718 tentum
1217 1673 1296 1718 est
1310 1705 1323 1726 ,
1364 1666 1565 1732 negotia
1586 1664 1789 1732 publica
1811 1672 2045 1742 trectere.
2119 1667 2255 1731 Ergo

371 1758 523 1795 nemo
543 1744 786 1809 pietatem
807 1750 940 1795 recte
961 1744 1154 1805 colere,
1192 1758 1287 1795 nec
1304 1744 1413 1795 Deo
1433 1742 1641 1795 obedire
1660 1751 1857 1809 potest,
1887 1744 1989 1795 nisi
2008 1744 2253 1796 omnibus

371 1834 608 1871 summae
624 1820 898 1886 potestatis
919 1819 1138 1871 decretis
1157 1820 1495 1886 obtemperet.
1542 1820 1628 1873 28.
1650 1820 1825 1885 Atque
1846 1820 1943 1871 hoc
1963 1820 2079 1888 ipse
2100 1821 2255 1873 etiam

372 1897 512 1964 praxi
543 1895 892 1949 confirmatur.
965 1898 1132 1959 Quem
1154 1898 1321 1957 enim,
1351 1897 1459 1949 sive
1481 1898 1641 1949 civem
1660 1897 1767 1947 sive
1784 1903 2109 1963 extraneum,
2139 1902 2255 1966 pri-

279 1980 290 1989 ‘
371 1982 541 2027 vatum
580 1972 671 2026 vel.
693 1973 970 2039 imperium
1005 1976 1062 2025 iu
1098 1975 1227 2026 alios
1264 1981 1553 2035 tenentem,
1594 1987 1799 2025 summa
1834 1981 2065 2039 potestas
2112 1990 2255 2027 reum

371 2052 552 2105 mortis
581 2051 660 2103 vel
684 2050 885 2102 hostem
916 2052 1187 2115 iudicavit,
1228 2051 1423 2103 nemini
1450 2050 1780 2101 subditorum
1810 2050 1979 2103 eidem
2008 2052 2256 2104 auxilium

329 2184 350 2195 ,
373 2130 504 2181 ferre
524 2128 656 2180 licet.
731 2127 818 2179 Sic
835 2129 990 2179 etiam
1005 2167 1018 2191 ,
1050 2128 1286 2195 quemvis
1306 2121 1561 2181 Hebraeis
1577 2127 1775 2179 dietum
1794 2128 1949 2180 fuerit
1963 2166 1979 2190 ,
2000 2136 2063 2179 ut
2078 2142 2256 2181 uuus—

374 2208 594 2275 quisque
621 2206 827 2257 socium
855 2211 1118 2272 tamquam
1147 2220 1205 2257 se
1231 2205 1407 2271 ipsum
1432 2210 1627 2257 emeret
1650 2204 1789 2265 (vide
1818 2206 1987 2257 Levit.
2018 2220 2135 2272 cap.
2174 2207 2255 2258 19.

374 2299 506 2337 vers·
532 2284 616 2335 17.
642 2282 782 2349 18.),
824 2282 1132 2335 tenebantur
1150 2290 1321 2333 tamen
1342 2298 1460 2335 eum
1475 2322 1490 2345 ,
1528 2282 1617 2348 qui
1636 2289 1811 2334 contra
1831 2281 1993 2334 edicta
2014 2281 2147 2347 Legis
2165 2282 2259 2335 nli-

375 2361 500 2428 quid
529 2360 880 2421 commiserat,
917 2360 1073 2412 iudici
1103 2360 1331 2413 indicere
1368 2359 1509 2427 (vide
1537 2360 1701 2410 Levit.
1734 2372 1847 2425 cop.
1880 2361 1931 2411 5.
1960 2374 2095 2411 vers.
2130 2364 2180 2411 1.
2209 2367 2257 2411 et

379 2438 530 2490 Dent.
553 2452 665 2504 cap.
692 2436 774 2487 13.
796 2451 932 2489 vers.
955 2437 1005 2487 8.
1029 2436 1108 2501 9.)
1123 2474 1137 2498 ,
1159 2444 1211 2488 et
1230 2436 1451 2489 eundem
1466 2475 1481 2498 ,
1504 2436 1551 2488 si
1569 2450 1691 2487 reus
1708 2437 1891 2489 mortis
1910 2436 2253 2496 indicebatur,

376 2514 660 2567 interficere
690 2511 830 2580 (vide
849 2514 1004 2564 Deut.
1037 2527 1148 2579 cap.
1172 2512 1257 2564 37.
1278 2528 1411 2565 vers.
1437 2514 1535 2581 7.).
1611 2513 1696 2564 29.
1734 2512 1937 2565 Deinde
1954 2520 2013 2564 ut
2030 2513 2253 2565 Hebraei

378 2592 664 2644 libertatem
685 2590 919 2657 adeptam
939 2597 1158 2656 possent
1178 2604 1479 2641 conservare
1496 2597 1547 2640 et
1564 2597 1745 2650 terres,
1776 2604 1907 2655 ques
1928 2599 2250 2657 occuparent,

379 2669 592 2736 imperio
609 2666 850 2719 absoluto
868 2668 1170 2730 retinerent,
1212 2680 1425 2718 necesse
1446 2666 1568 2727 fuit,
1604 2668 1679 2719 uti
1698 2681 1812 2733 cap.
1832 2668 1999 2719 XVII.
2024 2668 2255 2719 ostendi·

380 2744 592 2812 mus*),
631 2752 690 2795 ut
715 2744 1010 2810 religionem
1041 2758 1138 2795 suo
1165 2744 1261 2795 soli
1290 2743 1507 2809 imperio
1524 2744 1995 2806 accommodarent,
2036 2758 2254 2809 seseque

381 2838 410 2873 a
445 2821 657 2887 reliquis
688 2820 981 2873 nationibus
1006 2826 1328 2886 separarent:
1369 2827 1421 2872 et
1444 2821 1560 2873 ideo
1590 2822 1657 2873 iis
1685 2821 1879 2873 dictum
1906 2821 2033 2872 fuit:
2070 2822 2254 2887 Dilige

380 2899 684 2965 prox-imum
701 2901 850 2949 tuum
865 2902 920 2949 et
935 2898 1056 2949 odio
1074 2898 1209 2949 habe
1226 2899 1499 2951 inimicum
1517 2904 1685 2951 tuum.
1722 2898 1853 2953 Vide
1876 2897 2059 2950 Metth.
2075 2912 2191 2967 cap.
2205 2899 2251 2949 5.

486 3073 530 3125 ·)
563 3072 662 3117 vid.
683 3084 785 3130 cap.
806 3076 872 3118 1¹1.
891 3077 932 3129 ς.
953 3076 1019 3118 28.
1039 3086 1143 3133 sqq.
