2350 3475
424 100 555 161 22⁰
820 102 1214 151 'tucn-rus
1251 102 1907 151 ‘runonooico-Pomr.
2285 87 2287 205 1

426 296 585 349 quam
622 294 863 349 expresse
896 287 1282 345 eunti-uerunt,
1342 282 1421 334 vel
1455 280 1588 337 illud
1621 282 1896 351 imperium
1935 282 2196 337 eoncedit
2213 300 2232 345 ;
2283 284 2288 329 ὲ

426 366 961 503 35:5121551*5?Utr⁸c‘u
990 358 1265 427 Belgarum
1301 373 1420 411 eum
1448 359 1860 428 InponensibuS,
1910 360 1976 413 de
2013 376 2134 429 quo
2177 359 2290 429 sup?

428 680 612 742 CAP.
658 677 849 739 xvn.
938 678 1317 752 ostenditur,
1373 679 1661 739 neminem
1701 680 1895 740 omnia
1931 680 1986 740 in
2026 628 2292 747 summa}

427 780 787 857 potestatem
841 774 1161 835 transferre
1214 794 1429 855 posse,
1494 793 1606 834 nec
1659 794 1805 835 esse
1859 795 2142 837 necesse.
2241 774 2292 836 Ι]

427 866 733 949 republica
764 866 1206 940 Hebraeorum,
1243 869 1437 947 qualis
1467 866 1640 928 suerit
1669 871 1900 929 vivente
1925 868 2144 943 Mose,
2191 891 2294 969 quq

428 962 506 1023 lis
542 967 683 1043 post
719 963 847 1023 eius
884 968 1161 1034 mortem,
1197 968 1514 1041 antequam
1551 983 1730 1042 reges
1767 962 2084 1043 elegerint,
2125 965 2294 1043 dequ

428 1057 561 1116 eius
596 1057 990 1137 praestantia;
1044 1063 1105 1117 et
1138 1058 1396 1135 denique
1433 1057 1510 1117 de
1546 1058 1778 1129 causi8‚
1836 1077 1936 1117 cur
1976 1060 2294 1139 respublic

430 1150 626 1213 divina
689 1151 923 1211 interire
988 1157 1049 1211 et
1103 1154 1199 1212 vix
1251 1151 1484 1231 absque
1537 1150 1931 1211 seditionibus
1983 1152 2296 1217 subsistem

1230 1247 1510 1327 potuerit.
2294 1250 2295 1269 ³

534 1414 911 1481 Contemplatio
938 1414 1295 1483 praecedentis
1325 1414 1507 1482 capitis
1529 1414 1594 1467 de
1613 1415 1722 1466 iure
1743 1428 2068 1467 summarum
2089 1424 2276 1482 potest

430 1500 542 1546 tum
577 1494 635 1547 in
673 1493 870 1555 omnia,
932 1492 1102 1559 deque
1138 1494 1248 1545 iure
1286 1491 1505 1543 naturali
1543 1492 1954 1557 uniuscuiusque
1999 1493 2056 1543 in
2103 1432 2298 1545 eunde}

431 1569 707 1631 translato,
746 1571 983 1635 quamvis
1004 1585 1122 1621 eum
1144 1570 1283 1637 praxi
1303 1582 1407 1619 non
1428 1583 1611 1635 parum
1641 1570 1930 1630 conveniat,
1972 1574 2021 1621 et
2049 1571 2234 1635 praxis
2265 1572 2298 1621 iu

430 1648 635 1701 institui
663 1647 858 1713 possit,
896 1653 954 1699 ut
978 1647 1043 1699 ad
1076 1646 1294 1699 eandem
1327 1647 1490 1712 magis
1511 1660 1570 1698 ac
1591 1646 1756 1711 magis
1775 1644 2008 1707 accedat,
2049 1660 2298 1713 nunqua:

430 1731 601 1777 tamen
624 1722 737 1789 fiet,
779 1724 906 1789 quin
927 1725 978 1776 in
998 1724 1179 1776 multis
1200 1738 1338 1776 mere
1359 1722 1629 1776 theoretica
1649 1730 1870 1776 maneat.
1927 1724 1981 1778 2.
2011 1724 2152 1776 Nam
2175 1717 2300 1794 neni

431 1815 663 1866 unquam
683 1815 833 1852 suam
856 1802 1133 1866 potentiam
1150 1840 1163 1864 ,
1205 1809 1255 1853 et
1275 1807 1650 1867 consequenter
1669 1815 1836 1869 neque
1865 1815 2022 1854 suum
2051 1802 2139 1852 ius
2175 1804 2248 1854 ita
2279 1795 2300 1852 ii

431 1876 591 1928 alium
630 1877 903 1930 transferre
940 1879 1153 1945 poterit,
1204 1886 1262 1931 ut
1300 1878 1453 1929 homo
1492 1891 1606 1929 esse
1643 1878 1870 1944 desinat;
1929 1892 2025 1930 nee
2062 1877 2191 1931 talis
2231 1879 2299 1930 ull

432 1967 638 2007 summa
663 1961 893 2021 potestas
912 1969 1146 2021 unquam
1167 1955 1398 2018 dabitur,
1441 1970 1574 2021 quae
1593 1957 1763 2007 omnia
1783 1957 1850 2008 ita
1865 1992 1880 2016 ‚
1921 1963 1978 2007 ut
1997 1955 2133 2018 vult,
2181 1971 2299 2009 exse

431 2031 521 2098 qui
543 2032 728 2097 possit.
785 2033 995 2084 Frustra
1016 2033 1153 2085 enim
1175 2032 1387 2085 subdito
1406 2033 1697 2100 imperaret,
1731 2040 1787 2084 ut
1806 2033 1951 2084 illum
1971 2032 2094 2084 odio
2113 2032 2300 2085 babeat

431 2109 522 2176 qui
542 2122 661 2160 eum
681 2107 783 2160 sibi
801 2108 1053 2161 beneficio
1076 2112 1265 2171 iunxit,
1307 2117 1363 2160 ut
1383 2116 1545 2169 amet,
1586 2110 1675 2175 qui
1695 2110 1742 2176 ei
1763 2108 2012 2160 damnum
2029 2109 2245 2171 intulit,
2275 2125 2300 2160 n

431 2185 761 2238 contumeliis
792 2201 895 2236 non
924 2185 1242 2248 offendatur,
1280 2192 1384 2237 uta
1406 2193 1545 2238 metu
1563 2185 1766 2237 liberari
1787 2201 1890 2238 non
1912 2185 2116 2252 cupiat,
2157 2195 2216 2238 et
2235 2187 2298 2238 ali

428 2261 745 2332 perplurima
764 2262 1092 2329 huiusmodi,
1135 2277 1268 2329 quae
1287 2277 1345 2314 ex
1375 2262 1578 2328 legibus
1609 2262 1862 2313 humanae
1892 2269 2108 2315 naturae
2135 2278 2299 2316 neces

430 2342 567 2394 sario
596 2350 907 2407 sequuntur.
980 2339 1032 2391 3.
1069 2339 1245 2406 Atque
1272 2338 1371 2390 hoc
1391 2339 1557 2405 ipsam
1579 2340 1733 2390 etiam
1754 2340 2118 2406 experientiam
2137 2341 2299 2392 elaris

430 2420 563 2470 sime
582 2417 765 2470 docere
786 2418 1038 2470 existimo.
1110 2418 1242 2469 Nam
1263 2430 1530 2482 nunquam
1551 2416 1787 2468 homines
1808 2430 1906 2468 suo
1926 2415 2036 2468 iure
2057 2417 2125 2467 ita
2145 2431 2299 2470 cesse

430 2501 573 2557 runt,
614 2510 869 2562 suamque
901 2495 1186 2563 potentiam
1215 2494 1267 2544 in
1309 2492 1466 2545 alium
1505 2494 1574 2543 ita
1611 2493 2006 2554 transtulerunt,
2055 2501 2119 2545 ut
2157 2495 2230 2546 ab
2266 2497 2299 2546 ii:

430 2573 588 2640 ipsiS,
628 2574 719 2640 qui
738 2586 916 2624 eorum
939 2573 1023 2623 ius
1044 2578 1094 2622 et
1111 2571 1394 2638 potentiam
1414 2577 1750 2637 acceperunt,
1783 2583 1886 2622 non
1908 2571 2248 2637 timerentur,
2277 2585 2300 2622 e

431 2651 705 2716 imperium
734 2664 837 2702 non
868 2649 1035 2715 magis
1055 2654 1265 2715 propter
1283 2647 1418 2700 cives
1434 2684 1447 2707 ,
1487 2661 1804 2715 quamquam
1825 2660 1923 2698 suo
1942 2647 2056 2698 iure
2075 2649 2299 2714 privatos

417 2739 591 2792 ,quam
619 2735 829 2794 propter
856 2724 1033 2777 hostes
1059 2723 1452 2792 periclitaretur.
1523 2726 1577 2776 4.
1616 2723 1684 2774 Et
1717 2737 1843 2775 sane
1869 2723 1914 2774 si
1941 2723 2188 2777 homines
2218 2728 2300 2777 iur·

433 2817 531 2854 suo
548 2803 770 2855 naturali
789 2803 859 2854 ita
879 2803 1063 2870 privari
1085 2809 1332 2868 possent,
1361 2809 1420 2852 ut
1439 2801 1566 2853 nihil
1587 2801 1640 2853 in
1661 2808 1926 2867 posterum
1945 2810 2166 2868 possent
2179 2841 2194 2866 ‚
2228 2803 2300 2853 nis

433 2878 723 2931 volentibus
751 2880 843 2942 iis,
885 2880 975 2946 qui
994 2893 1301 2946 supremum
1323 2878 1404 2930 ius
1427 2879 1776 2941 retinuerunt,
1815 2884 1928 2929 tum
1953 2876 2188 2946 profecto
2219 2881 2301 2931 im·

436 2995 505 3004 ..—

536 3046 577 3098 ·)
604 3043 702 3087 Vid.
724 3055 825 3098 cap.
846 3046 884 3085 5.
905 3048 945 3098 ς.
966 3048 1033 3087 34.
