<?xml version="1.0" encoding="UTF-8"?>
<!DOCTYPE html PUBLIC "-//W3C//DTD XHTML 1.0 Transitional//EN"
    "http://www.w3.org/TR/xhtml1/DTD/xhtml1-transitional.dtd">
<html xmlns="http://www.w3.org/1999/xhtml" xml:lang="en" lang="en">
 <head>
  <title>
</title>
<meta http-equiv="Content-Type" content="text/html;charset=utf-8" />
  <meta name='ocr-system' content='tesseract 3.04.00' />
  <meta name='ocr-capabilities' content='ocr_page ocr_carea ocr_par ocr_line ocrx_word'/>
</head>
<body>
  <div class='ocr_page' id='page_1' title='image "benedictidespin03brudgoog_0037.png"; bbox 0 0 2350 3475; ppageno 0'>
   <div class='ocr_carea' id='block_1_1' title="bbox 174 941 267 1105">
    <p class='ocr_par' dir='ltr' id='par_1_1' title="bbox 174 941 267 1105">
     <span class='ocr_line' id='line_1_1' title="bbox 219 941 262 987; baseline 0 0"><span class='ocrx_word' id='word_1_1' title='bbox 219 941 262 987; x_wconf 87' lang='lat'>1.</span> 
     </span>
     <span class='ocr_line' id='line_1_2' title="bbox 194 1000 260 1045; baseline -0.061 1"><span class='ocrx_word' id='word_1_2' title='bbox 194 1000 260 1045; x_wconf 86' lang='lat'>11.</span> 
     </span>
     <span class='ocr_line' id='line_1_3' title="bbox 174 1059 267 1105; baseline -0.043 0"><span class='ocrx_word' id='word_1_3' title='bbox 174 1059 267 1105; x_wconf 91' lang='lat'>111.</span> 
     </span>
    </p>
   </div>
   <div class='ocr_carea' id='block_1_2' title="bbox 193 1180 270 1282">
    <p class='ocr_par' dir='ltr' id='par_1_2' title="bbox 193 1180 270 1282">
     <span class='ocr_line' id='line_1_4' title="bbox 193 1180 270 1223; baseline -0.026 0"><span class='ocrx_word' id='word_1_4' title='bbox 193 1180 270 1223; x_wconf 78' lang='lat' dir='ltr'>lv.</span> 
     </span>
     <span class='ocr_line' id='line_1_5' title="bbox 210 1239 260 1282; baseline -0.06 0"><span class='ocrx_word' id='word_1_5' title='bbox 210 1239 260 1282; x_wconf 82' lang='lat' dir='ltr'>V.</span> 
     </span>
    </p>
   </div>
   <div class='ocr_carea' id='block_1_3' title="bbox 129 1357 261 1523">
    <p class='ocr_par' dir='ltr' id='par_1_3' title="bbox 129 1357 261 1523">
     <span class='ocr_line' id='line_1_6' title="bbox 181 1357 261 1402; baseline -0.038 1"><span class='ocrx_word' id='word_1_6' title='bbox 181 1357 261 1402; x_wconf 82' lang='lat' dir='ltr'>Vl.</span> 
     </span>
     <span class='ocr_line' id='line_1_7' title="bbox 155 1416 260 1462; baseline -0.029 -1"><span class='ocrx_word' id='word_1_7' title='bbox 155 1416 260 1462; x_wconf 85' lang='lat' dir='ltr'>vn.</span> 
     </span>
     <span class='ocr_line' id='line_1_8' title="bbox 129 1477 258 1523; baseline 0.016 -2"><span class='ocrx_word' id='word_1_8' title='bbox 129 1477 258 1523; x_wconf 83' lang='lat' dir='ltr'>vul.</span> 
     </span>
    </p>
   </div>
   <div class='ocr_carea' id='block_1_4' title="bbox 168 1714 255 1761">
    <p class='ocr_par' dir='ltr' id='par_1_4' title="bbox 168 1714 255 1761">
     <span class='ocr_line' id='line_1_9' title="bbox 168 1714 255 1761; baseline -0.034 0"><span class='ocrx_word' id='word_1_9' title='bbox 168 1714 255 1761; x_wconf 81' lang='lat' dir='ltr'>lx.</span> 
     </span>
    </p>
   </div>
   <div class='ocr_carea' id='block_1_5' title="bbox 127 2015 272 2416">
    <p class='ocr_par' dir='ltr' id='par_1_5' title="bbox 127 2015 272 2416">
     <span class='ocr_line' id='line_1_10' title="bbox 173 2015 266 2060; baseline 0.022 -2"><span class='ocrx_word' id='word_1_10' title='bbox 173 2015 266 2060; x_wconf 82' lang='lat' dir='ltr'>x1.</span> 
     </span>
     <span class='ocr_line' id='line_1_11' title="bbox 147 2192 265 2238; baseline -0.025 0"><span class='ocrx_word' id='word_1_11' title='bbox 147 2192 265 2238; x_wconf 79' lang='lat'>111.</span> 
     </span>
     <span class='ocr_line' id='line_1_12' title="bbox 127 2370 272 2416; baseline -0.014 -1"><span class='ocrx_word' id='word_1_12' title='bbox 127 2370 198 2415; x_wconf 77' lang='lat' dir='ltr'>X}</span> <span class='ocrx_word' id='word_1_13' title='bbox 205 2370 272 2416; x_wconf 92' lang='lat'>11.</span> 
     </span>
    </p>
   </div>
   <div class='ocr_carea' id='block_1_6' title="bbox 111 2541 266 2713">
    <p class='ocr_par' dir='ltr' id='par_1_6' title="bbox 111 2541 266 2713">
     <span class='ocr_line' id='line_1_13' title="bbox 111 2541 257 2594; baseline -0.007 -1"><span class='ocrx_word' id='word_1_14' title='bbox 111 2541 257 2594; x_wconf 54' lang='lat' dir='ltr'>XIV.</span> 
     </span>
     <span class='ocr_line' id='line_1_14' title="bbox 163 2667 266 2713; baseline 0.01 -1"><span class='ocrx_word' id='word_1_15' title='bbox 163 2667 266 2713; x_wconf 79' lang='lat' dir='ltr'>XV.</span> 
     </span>
    </p>
   </div>
   <div class='ocr_carea' id='block_1_7' title="bbox 96 2849 261 3016">
    <p class='ocr_par' dir='ltr' id='par_1_7' title="bbox 96 2849 261 3016">
     <span class='ocr_line' id='line_1_15' title="bbox 133 2849 261 2894; baseline -0.023 0"><span class='ocrx_word' id='word_1_16' title='bbox 133 2849 261 2894; x_wconf 78' lang='lat' dir='ltr'>xvi.</span> 
     </span>
     <span class='ocr_line' id='line_1_16' title="bbox 96 2967 251 3016; baseline -0.032 0"><span class='ocrx_word' id='word_1_17' title='bbox 96 2967 251 3016; x_wconf 78' lang='lat' dir='ltr'>xvn.</span> 
     </span>
    </p>
   </div>
   <div class='ocr_carea' id='block_1_8' title="bbox 455 521 1659 693">
    <p class='ocr_par' dir='ltr' id='par_1_8' title="bbox 455 521 1659 693">
     <span class='ocr_line' id='line_1_17' title="bbox 455 521 1659 693; baseline 0 -4"><span class='ocrx_word' id='word_1_18' title='bbox 455 592 898 689; x_wconf 72' lang='lat' dir='ltr'>mnssx</span> <span class='ocrx_word' id='word_1_19' title='bbox 1001 521 1659 693; x_wconf 66' lang='lat' dir='ltr'>elvirum,</span> 
     </span>
    </p>
   </div>
   <div class='ocr_carea' id='block_1_9' title="bbox 897 808 1231 820">
    <p class='ocr_par' dir='ltr' id='par_1_9' title="bbox 897 808 1231 820">
     <span class='ocr_line' id='line_1_18' title="bbox 897 808 1231 820; baseline 0.003 -1"><span class='ocrx_word' id='word_1_20' title='bbox 897 808 1231 820; x_wconf 50' lang='lat'>*—</span> 
     </span>
    </p>
   </div>
   <div class='ocr_carea' id='block_1_10' title="bbox 311 940 2007 3149">
    <p class='ocr_par' dir='ltr' id='par_1_10' title="bbox 314 940 2001 1403">
     <span class='ocr_line' id='line_1_19' title="bbox 317 940 670 997; baseline -0.003 -11"><span class='ocrx_word' id='word_1_21' title='bbox 317 941 388 987; x_wconf 83' lang='lat' dir='ltr'>De</span> <span class='ocrx_word' id='word_1_22' title='bbox 405 940 670 997; x_wconf 71' lang='lat' dir='ltr'><strong>prophetia.</strong></span> 
     </span>
     <span class='ocr_line' id='line_1_20' title="bbox 314 1000 662 1057; baseline -0.009 -11"><span class='ocrx_word' id='word_1_23' title='bbox 314 1001 385 1046; x_wconf 85' lang='lat' dir='ltr'>De</span> <span class='ocrx_word' id='word_1_24' title='bbox 403 1000 662 1057; x_wconf 79' lang='lat' dir='ltr'>prophetis.</span> 
     </span>
     <span class='ocr_line' id='line_1_21' title="bbox 320 1059 2001 1119; baseline 0.002 -16"><span class='ocrx_word' id='word_1_25' title='bbox 320 1059 391 1104; x_wconf 82' lang='lat' dir='ltr'>De</span> <span class='ocrx_word' id='word_1_26' title='bbox 408 1059 734 1105; x_wconf 71' lang='lat' dir='ltr'>Hebraeorum</span> <span class='ocrx_word' id='word_1_27' title='bbox 763 1060 1030 1119; x_wconf 83' lang='lat' dir='ltr'>vocatione;</span> <span class='ocrx_word' id='word_1_28' title='bbox 1067 1066 1116 1106; x_wconf 86' lang='lat' dir='ltr'>et</span> <span class='ocrx_word' id='word_1_29' title='bbox 1139 1072 1202 1106; x_wconf 94' lang='lat' dir='ltr'>an</span> <span class='ocrx_word' id='word_1_30' title='bbox 1230 1060 1405 1107; x_wconf 87' lang='lat' dir='ltr'>donum</span> <span class='ocrx_word' id='word_1_31' title='bbox 1424 1061 1749 1118; x_wconf 78' lang='lat' dir='ltr'>propheticum</span> <span class='ocrx_word' id='word_1_32' title='bbox 1769 1061 2001 1107; x_wconf 85' lang='lat' dir='ltr'>Hebraeis</span> 
     </span>
     <span class='ocr_line' id='line_1_22' title="bbox 321 1118 738 1175; baseline -0.002 -12"><span class='ocrx_word' id='word_1_33' title='bbox 321 1118 560 1175; x_wconf 73' lang='lat' dir='ltr'>peculiare</span> <span class='ocrx_word' id='word_1_34' title='bbox 580 1120 738 1164; x_wconf 85' lang='lat' dir='ltr'>i&#39;uerit.</span> 
     </span>
     <span class='ocr_line' id='line_1_23' title="bbox 323 1178 705 1235; baseline -0.003 -12"><span class='ocrx_word' id='word_1_35' title='bbox 323 1179 395 1223; x_wconf 78' lang='lat' dir='ltr'>De</span> <span class='ocrx_word' id='word_1_36' title='bbox 413 1178 516 1235; x_wconf 76' lang='lat' dir='ltr'>lege</span> <span class='ocrx_word' id='word_1_37' title='bbox 535 1179 705 1225; x_wconf 78' lang='lat' dir='ltr'>divina.</span> 
     </span>
     <span class='ocr_line' id='line_1_24' title="bbox 315 1237 2001 1295; baseline 0.002 -13"><span class='ocrx_word' id='word_1_38' title='bbox 315 1237 386 1282; x_wconf 83' lang='lat' dir='ltr'>De</span> <span class='ocrx_word' id='word_1_39' title='bbox 412 1238 621 1295; x_wconf 90' lang='lat' dir='ltr'>ratione,</span> <span class='ocrx_word' id='word_1_40' title='bbox 660 1250 746 1283; x_wconf 86' lang='lat' dir='ltr'>cur</span> <span class='ocrx_word' id='word_1_41' title='bbox 771 1240 1067 1284; x_wconf 76' lang='lat' dir='ltr'>ceremoniae</span> <span class='ocrx_word' id='word_1_42' title='bbox 1095 1241 1336 1286; x_wconf 90' lang='lat' dir='ltr'>institutae</span> <span class='ocrx_word' id='word_1_43' title='bbox 1363 1240 1561 1290; x_wconf 73' lang='lat' dir='ltr'>fuerint,</span> <span class='ocrx_word' id='word_1_44' title='bbox 1600 1248 1647 1285; x_wconf 88' lang='lat' dir='ltr'>et</span> <span class='ocrx_word' id='word_1_45' title='bbox 1664 1239 1723 1285; x_wconf 91' lang='lat' dir='ltr'>de</span> <span class='ocrx_word' id='word_1_46' title='bbox 1742 1240 1832 1285; x_wconf 86' lang='lat' dir='ltr'>ilde</span> <span class='ocrx_word' id='word_1_47' title='bbox 1850 1240 2001 1286; x_wconf 79' lang='lat' dir='ltr'>histo-</span> 
     </span>
     <span class='ocr_line' id='line_1_25' title="bbox 314 1299 1760 1403; baseline 0.002 -61"><span class='ocrx_word' id='word_1_48' title='bbox 314 1299 496 1400; x_wconf 55' lang='lat' dir='ltr'>Biarurn</span> <span class='ocrx_word' id='word_1_49' title='bbox 509 1330 524 1355; x_wconf 93' lang='lat'>,</span> <span class='ocrx_word' id='word_1_50' title='bbox 557 1310 731 1403; x_wconf 44' lang='grc' dir='ltr'>Ιιιιιοὶιιψθ</span> <span class='ocrx_word' id='word_1_51' title='bbox 749 1311 843 1357; x_wconf 85' lang='lat' dir='ltr'>qua</span> <span class='ocrx_word' id='word_1_52' title='bbox 862 1300 1044 1345; x_wconf 90' lang='lat' dir='ltr'>ratione</span> <span class='ocrx_word' id='word_1_53' title='bbox 1064 1306 1110 1344; x_wconf 91' lang='lat' dir='ltr'>et</span> <span class='ocrx_word' id='word_1_54' title='bbox 1127 1300 1301 1357; x_wconf 83' lang='lat' dir='ltr'>quibus</span> <span class='ocrx_word' id='word_1_55' title='bbox 1322 1312 1376 1345; x_wconf 91' lang='lat' dir='ltr'>ea</span> <span class='ocrx_word' id='word_1_56' title='bbox 1398 1300 1664 1345; x_wconf 86' lang='lat' dir='ltr'>necessaria</span> <span class='ocrx_word' id='word_1_57' title='bbox 1683 1300 1760 1345; x_wconf 88' lang='lat' dir='ltr'>sit.</span> 
     </span>
    </p>

    <p class='ocr_par' dir='ltr' id='par_1_11' title="bbox 311 1368 2007 3149">
     <span class='ocr_line' id='line_1_26' title="bbox 357 1368 666 1404; baseline 0 -3"><span class='ocrx_word' id='word_1_58' title='bbox 357 1368 388 1402; x_wconf 84' lang='lat' dir='ltr'>e</span> <span class='ocrx_word' id='word_1_59' title='bbox 405 1369 554 1403; x_wconf 80' lang='lat' dir='ltr'>mirac</span> <span class='ocrx_word' id='word_1_60' title='bbox 625 1372 666 1404; x_wconf 89' lang='lat' dir='ltr'>s.</span> 
     </span>
     <span class='ocr_line' id='line_1_27' title="bbox 313 1417 1088 1475; baseline 0 -14"><span class='ocrx_word' id='word_1_61' title='bbox 313 1417 385 1461; x_wconf 85' lang='lat' dir='ltr'>De</span> <span class='ocrx_word' id='word_1_62' title='bbox 403 1418 787 1474; x_wconf 71' lang='lat' dir='ltr'>interpretatione</span> <span class='ocrx_word' id='word_1_63' title='bbox 806 1418 1088 1475; x_wconf 84' lang='lat' dir='ltr'>Scripturae.</span> 
     </span>
     <span class='ocr_line' id='line_1_28' title="bbox 312 1476 2001 1535; baseline -0.002 -12"><span class='ocrx_word' id='word_1_64' title='bbox 312 1478 370 1523; x_wconf 88' lang='lat' dir='ltr'>ln</span> <span class='ocrx_word' id='word_1_65' title='bbox 399 1490 494 1535; x_wconf 90' lang='lat' dir='ltr'>quo</span> <span class='ocrx_word' id='word_1_66' title='bbox 514 1478 788 1534; x_wconf 73' lang='lat' dir='ltr'>ostenditur,</span> <span class='ocrx_word' id='word_1_67' title='bbox 810 1479 1159 1524; x_wconf 81' lang='lat' dir='ltr'>Pentateuchon</span> <span class='ocrx_word' id='word_1_68' title='bbox 1181 1484 1228 1523; x_wconf 89' lang='lat' dir='ltr'>et</span> <span class='ocrx_word' id='word_1_69' title='bbox 1245 1478 1393 1524; x_wconf 82' lang='lat' dir='ltr'>libros</span> <span class='ocrx_word' id='word_1_70' title='bbox 1414 1478 1583 1533; x_wconf 81' lang='lat' dir='ltr'>losuae</span> <span class='ocrx_word' id='word_1_71' title='bbox 1596 1512 1610 1535; x_wconf 99' lang='lat'>,</span> <span class='ocrx_word' id='word_1_72' title='bbox 1633 1478 1845 1524; x_wconf 89' lang='lat' dir='ltr'>ludicum</span> <span class='ocrx_word' id='word_1_73' title='bbox 1859 1510 1873 1532; x_wconf 94' lang='lat'>,</span> <span class='ocrx_word' id='word_1_74' title='bbox 1890 1476 2001 1530; x_wconf 76' lang='lat' dir='ltr'>But,</span> 
     </span>
     <span class='ocr_line' id='line_1_29' title="bbox 321 1537 2001 1595; baseline -0.002 -12"><span class='ocrx_word' id='word_1_75' title='bbox 321 1537 555 1583; x_wconf 65' lang='lat' dir='ltr'>Samuelis</span> <span class='ocrx_word' id='word_1_76' title='bbox 592 1544 640 1582; x_wconf 90' lang='lat' dir='ltr'>et</span> <span class='ocrx_word' id='word_1_77' title='bbox 663 1537 843 1594; x_wconf 72' lang='lat' dir='ltr'>Regum</span> <span class='ocrx_word' id='word_1_78' title='bbox 880 1549 974 1582; x_wconf 91' lang='lat' dir='ltr'>non</span> <span class='ocrx_word' id='word_1_79' title='bbox 1011 1549 1116 1583; x_wconf 89' lang='lat' dir='ltr'>esse</span> <span class='ocrx_word' id='word_1_80' title='bbox 1150 1539 1457 1595; x_wconf 69' lang='lat' dir='ltr'>autographa.</span> <span class='ocrx_word' id='word_1_81' title='bbox 1522 1539 1700 1584; x_wconf 80' lang='lat' dir='ltr'>Deinde</span> <span class='ocrx_word' id='word_1_82' title='bbox 1736 1538 2001 1595; x_wconf 86' lang='lat' dir='ltr'>inquiritur,</span> 
     </span>
     <span class='ocr_line' id='line_1_30' title="bbox 319 1597 2001 1658; baseline -0.001 -16"><span class='ocrx_word' id='word_1_83' title='bbox 319 1610 381 1642; x_wconf 87' lang='lat' dir='ltr'>an</span> <span class='ocrx_word' id='word_1_84' title='bbox 418 1609 582 1643; x_wconf 90' lang='lat' dir='ltr'>eorum</span> <span class='ocrx_word' id='word_1_85' title='bbox 614 1598 825 1645; x_wconf 85' lang='lat' dir='ltr'>omnium</span> <span class='ocrx_word' id='word_1_86' title='bbox 853 1597 1105 1654; x_wconf 74' lang='lat' dir='ltr'>scriptores</span> <span class='ocrx_word' id='word_1_87' title='bbox 1133 1598 1293 1655; x_wconf 84' lang='lat' dir='ltr'>plures</span> <span class='ocrx_word' id='word_1_88' title='bbox 1321 1599 1521 1658; x_wconf 77' lang='lat' dir='ltr'>inerint,</span> <span class='ocrx_word' id='word_1_89' title='bbox 1558 1611 1620 1645; x_wconf 90' lang='lat' dir='ltr'>an</span> <span class='ocrx_word' id='word_1_90' title='bbox 1656 1610 1775 1644; x_wconf 88' lang='lat' dir='ltr'>unus</span> <span class='ocrx_word' id='word_1_91' title='bbox 1804 1603 2001 1653; x_wconf 90' lang='lat' dir='ltr'>tantum,</span> 
     </span>
     <span class='ocr_line' id='line_1_31' title="bbox 321 1657 596 1714; baseline -0.004 -13"><span class='ocrx_word' id='word_1_92' title='bbox 321 1663 369 1701; x_wconf 92' lang='lat' dir='ltr'>et</span> <span class='ocrx_word' id='word_1_93' title='bbox 386 1657 596 1714; x_wconf 89' lang='lat' dir='ltr'>quinam.</span> 
     </span>
     <span class='ocr_line' id='line_1_32' title="bbox 311 1714 2001 1777; baseline 0 -16"><span class='ocrx_word' id='word_1_94' title='bbox 311 1716 383 1762; x_wconf 84' lang='lat' dir='ltr'>De</span> <span class='ocrx_word' id='word_1_95' title='bbox 411 1716 579 1762; x_wconf 88' lang='lat' dir='ltr'>iisdem</span> <span class='ocrx_word' id='word_1_96' title='bbox 606 1714 741 1762; x_wconf 83' lang='lat' dir='ltr'>libris</span> <span class='ocrx_word' id='word_1_97' title='bbox 761 1716 852 1762; x_wconf 89' lang='lat' dir='ltr'>alia</span> <span class='ocrx_word' id='word_1_98' title='bbox 873 1717 1199 1776; x_wconf 85' lang='lat' dir='ltr'>inquiruntur,</span> <span class='ocrx_word' id='word_1_99' title='bbox 1229 1731 1399 1777; x_wconf 88' lang='lat' dir='ltr'>nempe</span> <span class='ocrx_word' id='word_1_100' title='bbox 1417 1731 1477 1766; x_wconf 88' lang='lat' dir='ltr'>an</span> <span class='ocrx_word' id='word_1_101' title='bbox 1495 1719 1673 1766; x_wconf 83' lang='lat' dir='ltr'>Hezras</span> <span class='ocrx_word' id='word_1_102' title='bbox 1703 1718 1757 1765; x_wconf 88' lang='lat' dir='ltr'>iis</span> <span class='ocrx_word' id='word_1_103' title='bbox 1787 1716 2001 1763; x_wconf 88' lang='lat' dir='ltr'>ultimam</span> 
     </span>
     <span class='ocr_line' id='line_1_33' title="bbox 319 1776 2001 1837; baseline 0.001 -18"><span class='ocrx_word' id='word_1_104' title='bbox 319 1788 514 1821; x_wconf 88' lang='lat' dir='ltr'>manum</span> <span class='ocrx_word' id='word_1_105' title='bbox 531 1776 836 1835; x_wconf 86' lang='lat' dir='ltr'>imposuerit;</span> <span class='ocrx_word' id='word_1_106' title='bbox 875 1783 923 1821; x_wconf 88' lang='lat' dir='ltr'>et</span> <span class='ocrx_word' id='word_1_107' title='bbox 940 1778 1108 1823; x_wconf 88' lang='lat' dir='ltr'>deinde</span> <span class='ocrx_word' id='word_1_108' title='bbox 1127 1785 1287 1824; x_wconf 88' lang='lat' dir='ltr'>utrum</span> <span class='ocrx_word' id='word_1_109' title='bbox 1308 1786 1446 1824; x_wconf 89' lang='lat' dir='ltr'>notae</span> <span class='ocrx_word' id='word_1_110' title='bbox 1465 1779 1773 1837; x_wconf 70' lang='lat' dir='ltr'>marginales,</span> <span class='ocrx_word' id='word_1_111' title='bbox 1810 1776 2001 1835; x_wconf 82' lang='lat' dir='ltr'>quaein</span> 
     </span>
     <span class='ocr_line' id='line_1_34' title="bbox 318 1835 1783 1894; baseline 0.001 -14"><span class='ocrx_word' id='word_1_112' title='bbox 318 1835 550 1881; x_wconf 77' lang='lat' dir='ltr'>Hebraeis</span> <span class='ocrx_word' id='word_1_113' title='bbox 571 1835 814 1882; x_wconf 83' lang='lat' dir='ltr'>codicibus</span> <span class='ocrx_word' id='word_1_114' title='bbox 834 1840 1150 1894; x_wconf 87' lang='lat' dir='ltr'>reperiuntur,</span> <span class='ocrx_word' id='word_1_115' title='bbox 1171 1840 1329 1884; x_wconf 83' lang='lat' dir='ltr'>variae</span> <span class='ocrx_word' id='word_1_116' title='bbox 1348 1840 1523 1885; x_wconf 79' lang='lat' dir='ltr'>inerint</span> <span class='ocrx_word' id='word_1_117' title='bbox 1538 1839 1783 1885; x_wconf 88' lang='lat' dir='ltr'>lectiones.</span> 
     </span>
     <span class='ocr_line' id='line_1_35' title="bbox 319 1894 2001 1958; baseline 0.002 -19"><span class='ocrx_word' id='word_1_118' title='bbox 319 1894 506 1952; x_wconf 80' lang='lat' dir='ltr'>Reliqui</span> <span class='ocrx_word' id='word_1_119' title='bbox 541 1896 712 1940; x_wconf 79' lang='lat' dir='ltr'>veteris</span> <span class='ocrx_word' id='word_1_120' title='bbox 748 1898 1015 1942; x_wconf 81' lang='lat' dir='ltr'>testamenti</span> <span class='ocrx_word' id='word_1_121' title='bbox 1052 1897 1159 1943; x_wconf 82' lang='lat' dir='ltr'>libri</span> <span class='ocrx_word' id='word_1_122' title='bbox 1200 1899 1367 1946; x_wconf 86' lang='lat' dir='ltr'>eodem</span> <span class='ocrx_word' id='word_1_123' title='bbox 1406 1900 1571 1957; x_wconf 88' lang='lat' dir='ltr'>modo,</span> <span class='ocrx_word' id='word_1_124' title='bbox 1610 1912 1706 1958; x_wconf 81' lang='lat' dir='ltr'>quo</span> <span class='ocrx_word' id='word_1_125' title='bbox 1734 1898 2001 1955; x_wconf 84' lang='lat' dir='ltr'>superiores</span> 
     </span>
     <span class='ocr_line' id='line_1_36' title="bbox 320 1955 665 2000; baseline 0.003 -1"><span class='ocrx_word' id='word_1_126' title='bbox 320 1955 665 2000; x_wconf 84' lang='lat' dir='ltr'>examinantur.</span> 
     </span>
     <span class='ocr_line' id='line_1_37' title="bbox 322 2014 2004 2075; baseline 0 -15"><span class='ocrx_word' id='word_1_127' title='bbox 322 2015 606 2071; x_wconf 86' lang='lat' dir='ltr'>lnquiritur,</span> <span class='ocrx_word' id='word_1_128' title='bbox 645 2027 704 2060; x_wconf 89' lang='lat' dir='ltr'>an</span> <span class='ocrx_word' id='word_1_129' title='bbox 734 2014 933 2071; x_wconf 88' lang='lat' dir='ltr'>apostoli</span> <span class='ocrx_word' id='word_1_130' title='bbox 962 2016 1187 2072; x_wconf 83' lang='lat' dir='ltr'>epistolas</span> <span class='ocrx_word' id='word_1_131' title='bbox 1214 2030 1325 2063; x_wconf 90' lang='lat' dir='ltr'>suas</span> <span class='ocrx_word' id='word_1_132' title='bbox 1345 2025 1567 2075; x_wconf 82' lang='lat' dir='ltr'>tanquam</span> <span class='ocrx_word' id='word_1_133' title='bbox 1588 2017 1788 2074; x_wconf 86' lang='lat' dir='ltr'>apostoli</span> <span class='ocrx_word' id='word_1_134' title='bbox 1819 2023 1866 2062; x_wconf 85' lang='lat' dir='ltr'>et</span> <span class='ocrx_word' id='word_1_135' title='bbox 1891 2029 2004 2073; x_wconf 87' lang='lat' dir='ltr'>pro-</span> 
     </span>
     <span class='ocr_line' id='line_1_38' title="bbox 319 2074 2005 2133; baseline 0.001 -15"><span class='ocrx_word' id='word_1_136' title='bbox 319 2074 516 2130; x_wconf 80' lang='lat' dir='ltr'>phetae,</span> <span class='ocrx_word' id='word_1_137' title='bbox 556 2086 617 2119; x_wconf 91' lang='lat' dir='ltr'>an</span> <span class='ocrx_word' id='word_1_138' title='bbox 643 2086 754 2120; x_wconf 83' lang='lat' dir='ltr'>vero</span> <span class='ocrx_word' id='word_1_139' title='bbox 783 2081 1004 2132; x_wconf 75' lang='lat' dir='ltr'>tanquam</span> <span class='ocrx_word' id='word_1_140' title='bbox 1034 2077 1252 2122; x_wconf 89' lang='lat' dir='ltr'>doctores</span> <span class='ocrx_word' id='word_1_141' title='bbox 1270 2078 1556 2133; x_wconf 86' lang='lat' dir='ltr'>scripserint.</span> <span class='ocrx_word' id='word_1_142' title='bbox 1611 2077 1793 2123; x_wconf 78' lang='lat' dir='ltr'>Deinde</span> <span class='ocrx_word' id='word_1_143' title='bbox 1810 2081 2005 2133; x_wconf 92' lang='lat' dir='ltr'>aposto-</span> 
     </span>
     <span class='ocr_line' id='line_1_39' title="bbox 321 2132 1008 2180; baseline 0.001 -3"><span class='ocrx_word' id='word_1_144' title='bbox 321 2133 478 2178; x_wconf 89' lang='lat' dir='ltr'>lorum</span> <span class='ocrx_word' id='word_1_145' title='bbox 500 2132 710 2178; x_wconf 78' lang='lat' dir='ltr'>officium</span> <span class='ocrx_word' id='word_1_146' title='bbox 730 2136 1008 2180; x_wconf 84' lang='lat' dir='ltr'>ostenditur.</span> 
     </span>
     <span class='ocr_line' id='line_1_40' title="bbox 319 2192 2004 2254; baseline 0.002 -18"><span class='ocrx_word' id='word_1_147' title='bbox 319 2192 392 2237; x_wconf 84' lang='lat' dir='ltr'>De</span> <span class='ocrx_word' id='word_1_148' title='bbox 409 2205 520 2238; x_wconf 80' lang='lat' dir='ltr'>vero</span> <span class='ocrx_word' id='word_1_149' title='bbox 547 2192 667 2250; x_wconf 69' lang='lat' dir='ltr'>legis</span> <span class='ocrx_word' id='word_1_150' title='bbox 695 2193 879 2239; x_wconf 83' lang='lat' dir='ltr'>divinae</span> <span class='ocrx_word' id='word_1_151' title='bbox 907 2196 1197 2253; x_wconf 75' lang='lat' dir='ltr'>syngrapho,</span> <span class='ocrx_word' id='word_1_152' title='bbox 1235 2204 1282 2242; x_wconf 89' lang='lat' dir='ltr'>et</span> <span class='ocrx_word' id='word_1_153' title='bbox 1299 2209 1392 2254; x_wconf 88' lang='lat' dir='ltr'>qua</span> <span class='ocrx_word' id='word_1_154' title='bbox 1412 2196 1594 2241; x_wconf 88' lang='lat' dir='ltr'>ratione</span> <span class='ocrx_word' id='word_1_155' title='bbox 1609 2197 1842 2253; x_wconf 89' lang='lat' dir='ltr'>scriptura</span> <span class='ocrx_word' id='word_1_156' title='bbox 1870 2207 2004 2241; x_wconf 90' lang='lat' dir='ltr'>sacra</span> 
     </span>
     <span class='ocr_line' id='line_1_41' title="bbox 323 2254 2003 2314; baseline 0.001 -16"><span class='ocrx_word' id='word_1_157' title='bbox 323 2258 532 2308; x_wconf 82' lang='lat' dir='ltr'>vocatur,</span> <span class='ocrx_word' id='word_1_158' title='bbox 551 2259 602 2298; x_wconf 86' lang='lat' dir='ltr'>et</span> <span class='ocrx_word' id='word_1_159' title='bbox 617 2265 710 2310; x_wconf 90' lang='lat' dir='ltr'>qua</span> <span class='ocrx_word' id='word_1_160' title='bbox 730 2254 912 2299; x_wconf 88' lang='lat' dir='ltr'>ratione</span> <span class='ocrx_word' id='word_1_161' title='bbox 928 2255 1123 2301; x_wconf 83' lang='lat' dir='ltr'>verbum</span> <span class='ocrx_word' id='word_1_162' title='bbox 1135 2256 1249 2314; x_wconf 84' lang='lat' dir='ltr'>Dei;</span> <span class='ocrx_word' id='word_1_163' title='bbox 1270 2263 1317 2301; x_wconf 91' lang='lat' dir='ltr'>et</span> <span class='ocrx_word' id='word_1_164' title='bbox 1334 2255 1537 2314; x_wconf 86' lang='lat' dir='ltr'>denique</span> <span class='ocrx_word' id='word_1_165' title='bbox 1555 2256 1815 2302; x_wconf 87' lang='lat' dir='ltr'>ostenditur</span> <span class='ocrx_word' id='word_1_166' title='bbox 1833 2256 2003 2312; x_wconf 82' lang='lat' dir='ltr'>ipsam,</span> 
     </span>
     <span class='ocr_line' id='line_1_42' title="bbox 317 2313 1950 2373; baseline 0 -16"><span class='ocrx_word' id='word_1_167' title='bbox 317 2318 552 2368; x_wconf 85' lang='lat' dir='ltr'>qnatenus</span> <span class='ocrx_word' id='word_1_168' title='bbox 570 2313 767 2358; x_wconf 80' lang='lat' dir='ltr'>verbum</span> <span class='ocrx_word' id='word_1_169' title='bbox 786 2314 872 2359; x_wconf 81' lang='lat' dir='ltr'>Dei</span> <span class='ocrx_word' id='word_1_170' title='bbox 893 2316 1116 2373; x_wconf 87' lang='lat' dir='ltr'>continet,</span> <span class='ocrx_word' id='word_1_171' title='bbox 1144 2316 1465 2373; x_wconf 86' lang='lat' dir='ltr'>incorruptam</span> <span class='ocrx_word' id='word_1_172' title='bbox 1484 2316 1543 2361; x_wconf 88' lang='lat' dir='ltr'>ad</span> <span class='ocrx_word' id='word_1_173' title='bbox 1561 2327 1647 2360; x_wconf 85' lang='lat' dir='ltr'>nos</span> <span class='ocrx_word' id='word_1_174' title='bbox 1667 2315 1950 2371; x_wconf 82' lang='lat' dir='ltr'>pervenisse.</span> 
     </span>
     <span class='ocr_line' id='line_1_43' title="bbox 328 2371 2004 2431; baseline 0 -14"><span class='ocrx_word' id='word_1_175' title='bbox 328 2371 601 2418; x_wconf 85' lang='lat' dir='ltr'>Ostenditur</span> <span class='ocrx_word' id='word_1_176' title='bbox 619 2372 907 2430; x_wconf 79' lang='lat' dir='ltr'>scripturam</span> <span class='ocrx_word' id='word_1_177' title='bbox 936 2386 1027 2418; x_wconf 90' lang='lat' dir='ltr'>non</span> <span class='ocrx_word' id='word_1_178' title='bbox 1047 2375 1136 2420; x_wconf 90' lang='lat' dir='ltr'>nisi</span> <span class='ocrx_word' id='word_1_179' title='bbox 1155 2374 1504 2431; x_wconf 87' lang='lat' dir='ltr'>simplicissima</span> <span class='ocrx_word' id='word_1_180' title='bbox 1534 2376 1733 2431; x_wconf 89' lang='lat' dir='ltr'>docere,</span> <span class='ocrx_word' id='word_1_181' title='bbox 1762 2385 1848 2419; x_wconf 89' lang='lat' dir='ltr'>nec</span> <span class='ocrx_word' id='word_1_182' title='bbox 1877 2373 2004 2419; x_wconf 89' lang='lat' dir='ltr'>aliud</span> 
     </span>
     <span class='ocr_line' id='line_1_44' title="bbox 319 2431 2005 2490; baseline 0 -14"><span class='ocrx_word' id='word_1_183' title='bbox 319 2438 510 2486; x_wconf 87' lang='lat' dir='ltr'>praeter</span> <span class='ocrx_word' id='word_1_184' title='bbox 536 2432 853 2478; x_wconf 83' lang='lat' dir='ltr'>obedientiam</span> <span class='ocrx_word' id='word_1_185' title='bbox 883 2434 1147 2490; x_wconf 85' lang='lat' dir='ltr'>intendere;</span> <span class='ocrx_word' id='word_1_186' title='bbox 1186 2447 1273 2480; x_wconf 89' lang='lat' dir='ltr'>nec</span> <span class='ocrx_word' id='word_1_187' title='bbox 1300 2435 1360 2479; x_wconf 92' lang='lat' dir='ltr'>de</span> <span class='ocrx_word' id='word_1_188' title='bbox 1386 2435 1539 2480; x_wconf 83' lang='lat' dir='ltr'>divina</span> <span class='ocrx_word' id='word_1_189' title='bbox 1567 2440 1732 2479; x_wconf 88' lang='lat' dir='ltr'>natura</span> <span class='ocrx_word' id='word_1_190' title='bbox 1760 2432 1886 2478; x_wconf 90' lang='lat' dir='ltr'>aliud</span> <span class='ocrx_word' id='word_1_191' title='bbox 1916 2431 2005 2477; x_wconf 91' lang='lat' dir='ltr'>do-</span> 
     </span>
     <span class='ocr_line' id='line_1_45' title="bbox 319 2491 1959 2550; baseline 0.001 -15"><span class='ocrx_word' id='word_1_192' title='bbox 319 2502 446 2548; x_wconf 87' lang='lat' dir='ltr'>cere,</span> <span class='ocrx_word' id='word_1_193' title='bbox 466 2503 610 2548; x_wconf 88' lang='lat' dir='ltr'>quam</span> <span class='ocrx_word' id='word_1_194' title='bbox 628 2491 755 2550; x_wconf 90' lang='lat' dir='ltr'>quod</span> <span class='ocrx_word' id='word_1_195' title='bbox 776 2492 989 2539; x_wconf 79' lang='lat' dir='ltr'>homines</span> <span class='ocrx_word' id='word_1_196' title='bbox 1009 2500 1137 2538; x_wconf 89' lang='lat' dir='ltr'>certa</span> <span class='ocrx_word' id='word_1_197' title='bbox 1156 2493 1338 2539; x_wconf 81' lang='lat' dir='ltr'>vivendi</span> <span class='ocrx_word' id='word_1_198' title='bbox 1358 2495 1538 2539; x_wconf 90' lang='lat' dir='ltr'>ratione</span> <span class='ocrx_word' id='word_1_199' title='bbox 1556 2493 1729 2539; x_wconf 89' lang='lat' dir='ltr'>imitari</span> <span class='ocrx_word' id='word_1_200' title='bbox 1750 2499 1959 2549; x_wconf 84' lang='lat' dir='ltr'>possunt.</span> 
     </span>
     <span class='ocr_line' id='line_1_46' title="bbox 313 2548 2003 2609; baseline 0.001 -15"><span class='ocrx_word' id='word_1_201' title='bbox 313 2548 437 2605; x_wconf 82' lang='lat' dir='ltr'>Quid</span> <span class='ocrx_word' id='word_1_202' title='bbox 455 2551 518 2596; x_wconf 87' lang='lat' dir='ltr'>sit</span> <span class='ocrx_word' id='word_1_203' title='bbox 534 2549 650 2597; x_wconf 80' lang='lat' dir='ltr'>fides</span> <span class='ocrx_word' id='word_1_204' title='bbox 663 2584 676 2608; x_wconf 93' lang='lat'><strong>‚</strong></span> <span class='ocrx_word' id='word_1_205' title='bbox 698 2552 891 2609; x_wconf 89' lang='lat' dir='ltr'>quinam</span> <span class='ocrx_word' id='word_1_206' title='bbox 910 2551 1090 2598; x_wconf 77' lang='lat' dir='ltr'>fideles.</span> <span class='ocrx_word' id='word_1_207' title='bbox 1145 2553 1274 2598; x_wconf 83' lang='lat' dir='ltr'>Fidei</span> <span class='ocrx_word' id='word_1_208' title='bbox 1296 2555 1599 2599; x_wconf 72' lang='lat' dir='ltr'>fundamenta</span> <span class='ocrx_word' id='word_1_209' title='bbox 1618 2553 2003 2608; x_wconf 81' lang='lat' dir='ltr'>determinantur,</span> 
     </span>
     <span class='ocr_line' id='line_1_47' title="bbox 319 2609 1343 2670; baseline 0.002 -16"><span class='ocrx_word' id='word_1_210' title='bbox 319 2616 367 2654; x_wconf 89' lang='lat' dir='ltr'>et</span> <span class='ocrx_word' id='word_1_211' title='bbox 384 2609 485 2666; x_wconf 90' lang='lat' dir='ltr'>ipsa</span> <span class='ocrx_word' id='word_1_212' title='bbox 506 2622 535 2656; x_wconf 98' lang='lat' dir='ltr'>a</span> <span class='ocrx_word' id='word_1_213' title='bbox 553 2610 849 2669; x_wconf 79' lang='lat' dir='ltr'>philosophia</span> <span class='ocrx_word' id='word_1_214' title='bbox 871 2614 1060 2657; x_wconf 89' lang='lat' dir='ltr'>tandem</span> <span class='ocrx_word' id='word_1_215' title='bbox 1079 2619 1343 2670; x_wconf 89' lang='lat' dir='ltr'>separatur.</span> 
     </span>
     <span class='ocr_line' id='line_1_48' title="bbox 323 2669 2003 2730; baseline 0 -16"><span class='ocrx_word' id='word_1_216' title='bbox 323 2669 422 2714; x_wconf 74' lang='lat' dir='ltr'>Neo</span> <span class='ocrx_word' id='word_1_217' title='bbox 475 2670 758 2727; x_wconf 73' lang='lat' dir='ltr'>theologiam</span> <span class='ocrx_word' id='word_1_218' title='bbox 814 2673 1008 2730; x_wconf 84' lang='lat' dir='ltr'>rationi,</span> <span class='ocrx_word' id='word_1_219' title='bbox 1067 2684 1153 2718; x_wconf 88' lang='lat' dir='ltr'>nec</span> <span class='ocrx_word' id='word_1_220' title='bbox 1190 2673 1419 2719; x_wconf 86' lang='lat' dir='ltr'>rationem</span> <span class='ocrx_word' id='word_1_221' title='bbox 1466 2671 1731 2728; x_wconf 64' lang='lat' dir='ltr'>theologiae</span> <span class='ocrx_word' id='word_1_222' title='bbox 1775 2671 2003 2718; x_wconf 84' lang='lat' dir='ltr'>ancillari.</span> 
     </span>
     <span class='ocr_line' id='line_1_49' title="bbox 320 2729 2004 2792; baseline 0.002 -20"><span class='ocrx_word' id='word_1_223' title='bbox 320 2729 595 2775; x_wconf 84' lang='lat' dir='ltr'>ostenditur</span> <span class='ocrx_word' id='word_1_224' title='bbox 630 2737 678 2776; x_wconf 85' lang='lat' dir='ltr'>et</span> <span class='ocrx_word' id='word_1_225' title='bbox 713 2732 859 2792; x_wconf 88' lang='lat' dir='ltr'>ratio,</span> <span class='ocrx_word' id='word_1_226' title='bbox 897 2744 990 2789; x_wconf 90' lang='lat' dir='ltr'>qua</span> <span class='ocrx_word' id='word_1_227' title='bbox 1027 2732 1164 2779; x_wconf 86' lang='lat' dir='ltr'>nobis</span> <span class='ocrx_word' id='word_1_228' title='bbox 1200 2745 1367 2779; x_wconf 87' lang='lat' dir='ltr'>sacrae</span> <span class='ocrx_word' id='word_1_229' title='bbox 1393 2733 1653 2790; x_wconf 86' lang='lat' dir='ltr'>scripturae</span> <span class='ocrx_word' id='word_1_230' title='bbox 1678 2732 2004 2778; x_wconf 86' lang='lat' dir='ltr'>auctoritatem</span> 
     </span>
     <span class='ocr_line' id='line_1_50' title="bbox 317 2788 1659 2844; baseline 0 -10"><span class='ocrx_word' id='word_1_231' title='bbox 317 2788 674 2844; x_wconf 84' lang='lat' dir='ltr'>persuademus.</span> <span class='ocrx_word' id='word_1_232' title='bbox 1656 2817 1659 2820; x_wconf 86' lang='lat'>-</span> 
     </span>
     <span class='ocr_line' id='line_1_51' title="bbox 320 2848 2007 2910; baseline 0.003 -18"><span class='ocrx_word' id='word_1_233' title='bbox 320 2848 394 2893; x_wconf 83' lang='lat' dir='ltr'>De</span> <span class='ocrx_word' id='word_1_234' title='bbox 423 2849 715 2905; x_wconf 85' lang='lat' dir='ltr'>reipublicae</span> <span class='ocrx_word' id='word_1_235' title='bbox 746 2851 1088 2907; x_wconf 71' lang='lat' dir='ltr'>tundamentis,</span> <span class='ocrx_word' id='word_1_236' title='bbox 1118 2852 1178 2896; x_wconf 86' lang='lat' dir='ltr'>de</span> <span class='ocrx_word' id='word_1_237' title='bbox 1204 2853 1305 2897; x_wconf 87' lang='lat' dir='ltr'>iure</span> <span class='ocrx_word' id='word_1_238' title='bbox 1333 2853 1703 2910; x_wconf 81' lang='lat' dir='ltr'>uniuscuiusque</span> <span class='ocrx_word' id='word_1_239' title='bbox 1728 2851 1929 2898; x_wconf 88' lang='lat' dir='ltr'>naturali</span> <span class='ocrx_word' id='word_1_240' title='bbox 1960 2857 2007 2897; x_wconf 86' lang='lat' dir='ltr'>et</span> 
     </span>
     <span class='ocr_line' id='line_1_52' title="bbox 319 2907 1399 2968; baseline 0.002 -14"><span class='ocrx_word' id='word_1_241' title='bbox 319 2907 472 2964; x_wconf 79' lang='lat' dir='ltr'>civili,</span> <span class='ocrx_word' id='word_1_242' title='bbox 492 2909 645 2966; x_wconf 82' lang='lat' dir='ltr'>deque</span> <span class='ocrx_word' id='word_1_243' title='bbox 663 2923 956 2957; x_wconf 90' lang='lat' dir='ltr'>summarum</span> <span class='ocrx_word' id='word_1_244' title='bbox 974 2917 1261 2968; x_wconf 88' lang='lat' dir='ltr'>potestatum</span> <span class='ocrx_word' id='word_1_245' title='bbox 1281 2913 1399 2957; x_wconf 88' lang='lat' dir='ltr'>iure.</span> 
     </span>
     <span class='ocr_line' id='line_1_53' title="bbox 311 2967 2005 3028; baseline 0.001 -14"><span class='ocrx_word' id='word_1_246' title='bbox 311 2967 614 3028; x_wconf 84' lang='lat' dir='ltr'>Ostenditur‚</span> <span class='ocrx_word' id='word_1_247' title='bbox 653 2971 889 3017; x_wconf 87' lang='lat' dir='ltr'>neminem</span> <span class='ocrx_word' id='word_1_248' title='bbox 915 2971 1074 3016; x_wconf 85' lang='lat' dir='ltr'>omnia</span> <span class='ocrx_word' id='word_1_249' title='bbox 1102 2971 1150 3016; x_wconf 88' lang='lat' dir='ltr'>in</span> <span class='ocrx_word' id='word_1_250' title='bbox 1178 2983 1413 3017; x_wconf 86' lang='lat' dir='ltr'>summam</span> <span class='ocrx_word' id='word_1_251' title='bbox 1442 2978 1721 3028; x_wconf 87' lang='lat' dir='ltr'>potestatem</span> <span class='ocrx_word' id='word_1_252' title='bbox 1748 2971 2005 3018; x_wconf 72' lang='lat' dir='ltr'>transferre</span> 
     </span>
     <span class='ocr_line' id='line_1_54' title="bbox 315 3029 2006 3089; baseline 0.001 -16"><span class='ocrx_word' id='word_1_253' title='bbox 315 3040 480 3084; x_wconf 88' lang='lat' dir='ltr'>posse,</span> <span class='ocrx_word' id='word_1_254' title='bbox 498 3039 588 3074; x_wconf 88' lang='lat' dir='ltr'>nec</span> <span class='ocrx_word' id='word_1_255' title='bbox 606 3041 714 3076; x_wconf 87' lang='lat' dir='ltr'>esse</span> <span class='ocrx_word' id='word_1_256' title='bbox 730 3042 938 3078; x_wconf 89' lang='lat' dir='ltr'>necesse.</span> <span class='ocrx_word' id='word_1_257' title='bbox 974 3030 1046 3076; x_wconf 81' lang='lat' dir='ltr'>De</span> <span class='ocrx_word' id='word_1_258' title='bbox 1063 3029 1309 3087; x_wconf 83' lang='lat' dir='ltr'>republica</span> <span class='ocrx_word' id='word_1_259' title='bbox 1328 3031 1671 3088; x_wconf 76' lang='lat' dir='ltr'>Hebraeorum,</span> <span class='ocrx_word' id='word_1_260' title='bbox 1690 3031 1843 3089; x_wconf 84' lang='lat' dir='ltr'>qualis</span> <span class='ocrx_word' id='word_1_261' title='bbox 1863 3031 2006 3075; x_wconf 84' lang='lat' dir='ltr'>inerit</span> 
     </span>
     <span class='ocr_line' id='line_1_55' title="bbox 316 3088 1999 3149; baseline 0 -17"><span class='ocrx_word' id='word_1_262' title='bbox 316 3088 502 3134; x_wconf 78' lang='lat' dir='ltr'>vivente</span> <span class='ocrx_word' id='word_1_263' title='bbox 513 3089 661 3148; x_wconf 66' lang='lat' dir='ltr'>Mose,</span> <span class='ocrx_word' id='word_1_264' title='bbox 681 3090 834 3148; x_wconf 83' lang='lat' dir='ltr'>qualis</span> <span class='ocrx_word' id='word_1_265' title='bbox 853 3097 960 3148; x_wconf 88' lang='lat' dir='ltr'>post</span> <span class='ocrx_word' id='word_1_266' title='bbox 976 3091 1078 3136; x_wconf 86' lang='lat' dir='ltr'>eius</span> <span class='ocrx_word' id='word_1_267' title='bbox 1096 3095 1316 3149; x_wconf 88' lang='lat' dir='ltr'>mortem,</span> <span class='ocrx_word' id='word_1_268' title='bbox 1337 3096 1589 3148; x_wconf 88' lang='lat' dir='ltr'>antequam</span> <span class='ocrx_word' id='word_1_269' title='bbox 1608 3103 1741 3148; x_wconf 73' lang='lat' dir='ltr'>reges</span> <span class='ocrx_word' id='word_1_270' title='bbox 1760 3090 1999 3146; x_wconf 72' lang='lat' dir='ltr'>elegerint,</span> 
     </span>
    </p>
   </div>
  </div>
 </body>
</html>
