2350 3475
911 35 1046 80 cal».
1100 35 1186 80 VI.

93 216 196 268 nisi
213 229 406 268 causas
427 211 687 264 naturales
707 211 934 264 tollendo
951 226 1144 280 resque
1162 219 1298 263 extra
1318 215 1530 264 naturae
1548 209 1785 264 ordinem
1800 213 1992 281 imagi-

97 292 267 344 nando
297 293 472 344 Deum
501 290 740 352 adorare,
781 291 1058 355 omniaque
1086 289 1150 340 ad
1182 290 1295 340 eius
1314 288 1589 354 imperium
1609 295 1661 340 et
1676 289 1992 342 voluntatem

99 369 290 422 referre
327 373 528 435 potest,
585 381 681 420 nec
716 368 812 418 Dei
851 367 1130 433 potentiam
1167 366 1332 432 magis
1356 365 1669 432 admiratur,
1726 366 1830 418 nisi
1865 366 1991 418 dum

105 447 389 512 potentia-m
408 451 624 496 naturae
641 459 670 496 a
688 445 797 496 Deo
817 446 966 510 quasi
989 442 1256 495 subactam
1278 443 1599 509 imaginatur,
1622 443 1762 509 quod
1784 443 1993 509 quidem

104 525 356 589 originem
375 523 590 574 duxisse
607 521 806 574 videtur
825 536 854 571 a
873 522 1054 588 primis
1072 519 1298 583 ludaeis,
1322 521 1413 585 qui
1435 527 1490 570 ut
1509 520 1738 572 ethnicos
1754 521 1837 571 sui
1856 527 1996 572 tem-

103 602 264 665 poris,
287 601 382 666 qui
399 600 528 650 deos
547 596 776 651 visibiles
793 598 1088 658 adorabant,
1113 597 1351 648 videlicet
1366 595 1551 659 solem,
1573 596 1768 659 lunam,
1786 603 1990 660 terram,

105 691 294 742 aquam
308 714 323 739 ,
363 680 536 728 aerem
566 681 665 726 etc.
681 714 694 736 ,
733 675 1092 729 convincerent
1118 675 1289 740 iisque
1318 673 1676 737 ostenderent,
1717 674 1845 726 deos
1878 675 1997 726 illos

105 752 398 804 imbecilles
417 759 468 804 et
483 753 836 803 inconstantes
855 752 961 802 sive
981 749 1260 802 mutabiles
1280 756 1332 802 et
1350 749 1449 802 sub
1468 751 1685 818 imperio
1702 752 1799 803 Dei
1818 752 1999 804 invisi-

107 828 226 880 bilis
263 843 414 892 esse,
452 829 696 880 miracula
731 842 826 879 sua
865 825 1166 891 nar-rabant,
1208 827 1400 894 quibus
1434 828 1648 894 insuper
1684 828 2001 880 conabantur

11 919 25 934 ⁵
105 907 410 968 ostendere,
450 912 608 956 totam
633 912 870 956 naturam
907 919 966 956 ex
992 906 1112 968 Dei,
1155 919 1313 971 quem
1346 902 1653 969 adorabant,
1694 905 1911 971 imperio
1946 906 2001 956 in

105 998 292 1034 eorum
321 987 524 1034 tantum
555 981 884 1033 commodum
913 980 1088 1047 dirigi3
1129 981 1270 1048 quod
1298 982 1509 1048 quidem
1546 980 1845 1034 bominibus
1873 982 2003 1034 adeo

105 1061 308 1121 arrisit,
345 1067 408 1111 ut
433 1061 486 1109 in
513 1057 806 1127 boc-usque
836 1065 1040 1124 tempus
1071 1058 1316 1110 miracula
1336 1059 1527 1125 fingere
1544 1073 1649 1110 non
1668 1060 1998 1121 cessaverint,

105 1143 166 1186 ut
199 1137 310 1202 ipsi
345 1138 457 1187 Deo
495 1135 785 1186 dilectiores
821 1133 1034 1200 reliquis
1069 1148 1329 1200 causaque
1363 1135 1558 1198 finalis,
1600 1141 1809 1202 propter
1845 1150 2000 1201 quam

106 1215 252 1263 Dens
271 1213 446 1262 omnia
468 1213 654 1264 creavit
671 1217 722 1262 et
741 1211 985 1263 continue
1005 1211 1198 1277 dirigit,
1230 1211 1579 1262 crederentur.
1652 1214 1703 1262 5.
1741 1213 1881 1274 Quid
1902 1211 2004 1263 sibi

107 1290 250 1355 vulgi
271 1289 491 1340 stultitia
509 1303 612 1339 non
631 1295 860 1353 arrogat,
900 1287 1038 1352 quod
1059 1301 1154 1338 nec
1174 1287 1239 1339 de
1258 1289 1395 1350 Deo,
1434 1301 1530 1338 nec
1558 1288 1637 1339 de
1640 1293 1820 1339 natura
1840 1287 2003 1348 ullum

107 1381 299 1418 sanum
329 1363 488 1416 babet
515 1371 850 1430 conceptum,
887 1363 1027 1430 quod
1045 1364 1141 1416 Dei
1169 1364 1357 1430 placita
1374 1377 1492 1416 cum
1511 1351 1783 1415 bominum
1802 1365 2004 1431 placitis

109 1442 415 1506 confundit,
455 1448 508 1493 et
532 1441 674 1506 quod
701 1441 926 1508 denique
947 1447 1184 1492 naturam
1205 1439 1323 1492 ideo
1342 1439 1607 1492 limitatam
1626 1439 1795 1508 fingit,
1835 1448 1893 1492 ut
1911 1439 2006 1490 bo-

109 1521 312 1572 minem
341 1521 458 1571 eius
489 1518 812 1585 praecipuam
832 1525 1030 1585 partem
1049 1531 1167 1570 esse
1188 1517 1389 1570 credat!
1462 1518 1563 1570 Hie
1578 1517 1717 1584 vulgi
1738 1516 1802 1569 de
1822 1524 2005 1568 natura

109 1605 160 1648 et
179 1596 451 1648 miraculis
470 1594 739 1661 opiniones
759 1601 810 1646 et
825 1595 1138 1661 praeiudicia
1156 1595 1284 1648 satis
1302 1594 1493 1661 prolixe
1512 1595 1759 1647 enarravi.
1832 1595 1883 1646 6.
1904 1594 2007 1645 At-

111 1682 288 1726 tamen
303 1712 317 1737 ,
361 1680 420 1724 ut
438 1687 544 1724 rem
565 1670 742 1722 ordine
765 1672 1008 1723 edoceam
1021 1712 1036 1735 ,
1075 1671 1344 1724 ostendam
1364 1673 1409 1723 1.
1431 1671 1558 1724 nihil
1576 1677 1752 1724 contra
1770 1676 2005 1724 naturam

12 1760 28 1789 ’ν
113 1746 444 1817 contingere,
485 1748 578 1801 sed
607 1750 775 1815 ipsam
804 1756 1063 1801 aeternam
1091 1748 1248 1801 fixum
1276 1756 1329 1800 et
1362 1749 1737 1803 immutabilem
1773 1750 2007 1803 ordinem

113 1842 318 1881 servare
337 1834 392 1878 et
407 1826 565 1878 simul
582 1826 708 1893 quid
737 1841 828 1892 per
855 1828 1231 1879 miraculum
1260 1826 1650 1893 intelligendum
1682 1828 1774 1889 slt;
1812 1828 1881 1879 11.
1912 1841 2009 1879 nos

113 1921 171 1957 ex
193 1904 462 1956 miraculis
491 1918 588 1954 nec
615 1904 896 1955 essentiam
923 1909 1020 1955 nec
1045 1904 1392 1968 existentiam,
1432 1911 1484 1955 et
1510 1904 1888 1971 consequenter
1914 1918 2010 1956 nec

113 1980 494 2049 providentiam
519 1982 613 2033 Dei
643 1994 800 2047 posse
819 1994 1153 2046 cognoscere,
1194 1982 1286 2032 sed
1314 1980 1441 2032 haec
1459 1981 1630 2032 omnia
1649 1981 1801 2047 louge
1818 1982 2008 2035 melius

113 2058 318 2125 percipi
339 2072 399 2108 ex
417 2056 516 2108 fixo
535 2064 584 2109 et
601 2056 917 2109 immutabili
936 2064 1150 2109 naturae
1168 2057 1369 2109 ordine.
1442 2058 1537 2109 111.
1562 2058 1637 2107 Ex
1656 2058 1852 2123 aliquot
1870 2060 2012 2109 Scri-

115 2144 302 2204 pturae
320 2134 572 2201 exemplis
601 2133 900 2209 ostendam,
941 2135 1111 2201 ipsam
1139 2134 1459 2200 scripturam
1486 2148 1581 2199 per
1605 2135 1700 2185 Dei
1730 2134 1932 2186 decreta
1960 2142 2012 2187 et

12 2286 16 2293 .
115 2214 391 2265 volitiones
404 2251 418 2273 ,
441 2219 491 2263 et
509 2219 884 2276 consequenter
901 2226 994 2277 per
1009 2211 1382 2277 providentiam
1402 2210 1531 2267 nibil
1548 2210 1692 2262 aliud
1711 2212 2004 2277 intelligere,

117 2304 278 2356 quam
303 2290 482 2355 ipsum
514 2296 723 2339 naturae
748 2287 1010 2351 ordinem,
1051 2288 1219 2353 quiex
1238 2288 1353 2339 eius
1373 2288 1593 2339 aeternis
1612 2286 1813 2354 legibus
1832 2302 2012 2339 neces-

117 2368 256 2418 sario
285 2366 543 2432 sequitur.
614 2366 704 2417 IV.
743 2366 981 2431 Denique
1009 2364 1075 2416 de
1095 2364 1251 2416 modo
1270 2364 1515 2417 miracula
1536 2366 1828 2431 Scripturae
1847 2366 2012 2415 inter-

117 2441 358 2509 pretandi
385 2448 437 2494 et
463 2442 528 2493 de
553 2442 645 2507 iis,
687 2456 819 2507 quae
846 2442 1120 2509 praecipue
1151 2442 1283 2493 circa
1314 2442 1674 2493 miraculorum
1696 2441 2011 2493 narrationes

119 2522 284 2572 notari
328 2516 572 2581 debeant,
617 2532 784 2584 agam.
855 2520 924 2569 Et
951 2518 1074 2569 baec
1102 2519 1376 2585 praecipua
1406 2526 1559 2582 sunt,
1599 2532 1732 2584 quae
1762 2518 1825 2570 ad
1854 2517 2011 2568 huius

119 2598 308 2665 capitis
339 2604 702 2661 argumentum
731 2602 964 2662 spectant
992 2601 1044 2645 et
1060 2608 1194 2660 quae
1214 2603 1471 2661 praeterea
1492 2595 1557 2647 ad
1574 2595 1831 2646 intentum
1853 2596 2011 2645 totius

120 2673 282 2725 buius
302 2673 474 2739 operis
494 2686 597 2723 non
618 2685 800 2738 parum
818 2671 1064 2723 inservire
1083 2673 1338 2724 existimo.

219 2751 278 2803 7.
317 2746 402 2801 Ad
431 2748 706 2814 primum
734 2748 874 2815 qnod
895 2750 1098 2811 attinet,
1131 2748 1189 2799 id
1204 2747 1350 2799 facile
1368 2748 1659 2801 ostenditur
1676 2748 1848 2811 exiis,
1881 2735 2013 2813 quae

120 2828 172 2879 in
199 2841 322 2895 cap.
344 2828 398 2878 4.
429 2826 562 2877 circa
589 2826 755 2892 legem
784 2826 1006 2879 divinam
1037 2825 1503 2880 demonstravimus
1515 2824 1601 2896 ⁴²),
1643 2840 1831 2894 nempe
1860 2839 2015 2878 omne

222 2997 265 3049 *J
307 2993 404 3038 Vid.
427 3006 466 3039 c.
486 2996 525 3037 4.
546 2996 589 3049 S.
609 2996 676 3037 23.
698 3006 802 3051 sqq.
867 3020 874 3027 -
