2350 3475
269 1686 273 1691 ’
352 1674 588 1726 desumta
620 1681 769 1738 sunt,
811 1674 898 1740 qui
928 1672 1079 1727 aliam
1100 1689 1310 1727 causam
1334 1674 1588 1727 sentiebat
1609 1674 1799 1740 fuisse,
1839 1689 1930 1727 cur
1947 1675 2108 1727 David
2141 1692 2248 1727 au-

350 34 471 95 1⁴2
746 34 1135 83 TnAcTA‘rus
1172 33 1572 82 rummetco
1583 33 1832 85 -Pou‘lu

346 228 508 283 quum
527 220 685 269 totam
702 213 842 267 illam
862 214 1116 267 civitatem
1136 212 1432 279 depraedati
1457 218 1600 273 sunt,
1633 212 1850 278 eiusque
1877 224 2064 265 omnes
2087 212 2252 265 cives

346 292 517 359 gladio
544 292 897 345 confecerunt.
972 290 1057 342 13.
1094 292 1200 342 Nec
1227 290 1310 343 hic
1337 294 1469 357 o'pus
1501 288 1664 341 habeo
1693 290 1868 343 omnia
1886 290 2251 343 Pentateuchi

346 383 633 421 recensere.
706 368 763 421 Si
784 368 901 433 quis
920 366 1076 419 modo
1094 367 1159 421 ad
1176 368 1276 421 hoc
1293 368 1588 429 attenderit,
1605 366 1748 433 quod
1764 368 1818 419 in
1836 366 1975 421 hisce
1995 368 2252 433 quinque

346 446 491 499 libris
522 446 693 499 omnia
722 450 993 511 praecepta
1020 445 1220 498 scilicet
1247 451 1296 497 et
1321 444 1566 497 historiae
1593 445 1886 511 promiscue
1915 444 2028 501 aine
2045 444 2252 495 ordine

347 528 642 582 narrentur,
682 535 854 587 neque
884 522 1012 573 ratio
1034 528 1325 589 temporum
1347 520 1620 583 habeatur,
1661 528 1712 573 et
1730 521 1870 587 quod
1890 535 1994 575 uua
2013 520 2252 573 eadem·-

348 614 450 667 que
486 598 699 649 historia
736 612 891 664 saepe
930 604 981 651 et
1016 596 1296 665 aliquando
1341 596 1681 651 diversimode
1723 604 1982 664 repetatur
2002 636 2018 658 ‚
2059 596 2247 651 ,facile

348 676 639 741 dignoscet,
678 675 806 727 haec
824 676 996 727 omnia
1018 677 1317 743 promiscue
1335 674 1544 727 collecta
1565 681 1618 727 et
1633 682 1922 727 coacervata
1941 674 2137 735 fuisso,
2181 681 2250 726 ut

346 759 522 819 postea
546 752 748 803 facilius
768 753 1181 825 examinarentur
1199 759 1248 803 et
1268 752 1322 803 in
1341 751 1574 803 ordinem
1595 749 1964 817 redigerentur.
2039 750 2132 803 u.
2167 752 2251 803 At

347 844 451 880 non
480 836 679 881 tantum
707 828 859 890 haec,
898 844 1029 896 quae
1059 831 1113 880 in
1136 829 1373 895 quinque
1399 828 1577 889 libris,
1611 827 1705 881 sed
1724 830 1880 881 efiam
1901 827 2134 893 reliquae
2153 827 2252 879 hi·-

348 906 535 973 storiae
556 920 723 971 usque
744 903 806 957 ad
828 906 1165 957 vastationem
1188 904 1363 968 urbiS,
1403 906 1608 971 quaein
1628 905 1844 972 reliquis
1859 912 2060 971 septem
2077 904 2248 957 libris
2317 918 2320 985 χ

348 984 701 1045 continentur,
740 982 923 1033 eodem
952 984 1106 1034 modo
1136 982 1373 1035 collectae
1401 989 1542 1033 sunt.
1617 982 1750 1045 Quis
1777 982 1914 1033 enim
1945 996 2050 1033 non
2071 982 2242 1045 videt,

346 1062 400 1111 in
430 1073 545 1127 cap.
566 1062 618 1113 2.
639 1059 877 1111 Iudicum
898 1074 956 1111 ex
974 1074 1107 1112 vers,
1128 1060 1183 1131 6.
1207 1074 1394 1111 novum
1417 1059 1718 1112 historicum
1741 1058 1924 1111 adferri
1950 1057 2069 1125 (qui
2098 1074 2193 1113 res
2215 1074 2250 1111 a

346 1138 501 1189 Iosua
532 1143 701 1202 gestas
730 1138 883 1188 etiam
902 1137 1204 1204 scripserat)
1225 1137 1445 1204 eiusque
1465 1136 1618 1187 verba
1641 1134 1945 1202 simpliciter
1965 1134 2248 1189 describi?

345 1215 476 1267 Nam
503 1222 775 1280 postquam
794 1213 1072 1265 historicus
1091 1222 1267 1266 noster
1286 1216 1338 1265 in
1356 1214 1454 1265 ult.
1477 1227 1590 1279 cap.
1611 1215 1799 1265 Iosuae
1822 1213 2065 1274 narravit,
2089 1214 2246 1279 quod
2318 1274 2319 1285 ἶ

346 1293 461 1357 ipse
482 1297 697 1343 mortem
718 1290 928 1352 obierit,
970 1290 1216 1357 quodque
1236 1292 1472 1357 sepultus
1501 1290 1682 1352 fuerit,
1723 1295 1774 1341 et
1799 1290 1851 1342 in
1878 1290 2046 1357 primo
2073 1289 2248 1342 huius

347 1366 466 1419 libri
488 1381 691 1419 narrare
706 1382 763 1419 ea
784 1369 1093 1433 promiserit,
1112 1382 1246 1433 quae
1259 1375 1377 1434 post
1397 1367 1630 1419 eiusdem
1653 1374 1868 1420 mortem
1889 1368 2243 1433 contigerunt,

349 1459 449 1512 qua
472 1447 683 1508 ratione,
725 1442 770 1495 si
792 1444 935 1496 filum
956 1458 1082 1496 suae
1102 1444 1346 1497 historiae
1367 1446 1516 1511 sequi
1537 1444 1756 1507 volebat,
1795 1444 2047 1511 potuisset
2069 1458 2250 1509 supe-

350 1520 575 1573 rioribus
610 1528 910 1582 annectere,
967 1536 1101 1587 quae
1139 1520 1222 1573 hic
1259 1521 1321 1573 de
1358 1523 1474 1588 ipso
1511 1524 1664 1573 Iosua
1701 1535 1907 1573 narrare
1943 1522 2128 1588 incipit
2146 1519 2251 1589 *Υἲ

354 1600 435 1650 15.
477 1598 563 1648 Sic
582 1599 736 1649 etiam
756 1598 924 1663 capita
946 1598 1030 1649 17.
1054 1600 1138 1650 18.
1160 1606 1257 1650 etc.
1283 1598 1540 1649 Samuelis
1561 1598 1672 1649 iibri
1695 1599 1744 1650 1.
1767 1613 1826 1650 ex
1855 1598 1954 1650 alio
1986 1597 2248 1651 historico

354 1753 455 1805 iam
478 1751 651 1804 Saulis
673 1751 995 1819 frequentare
1014 1754 1290 1819 inceperit,
1330 1753 1479 1819 longe
1500 1753 1753 1806 diversam
1775 1753 1841 1806 ab
1865 1753 1977 1814 ilia,
2017 1767 2158 1820 quae
2190 1757 2246 1806 in

356 1843 468 1896 cap.
494 1831 576 1882 16.
597 1828 721 1880 libri
740 1829 974 1882 eiusdem
995 1836 1251 1882 narratur.
1322 1831 1437 1881 Non
1458 1833 1597 1883 enim
1619 1830 1799 1894 sensit,
1827 1829 1962 1896 quod
1983 1831 2152 1882 David
2186 1847 2247 1884 ex

356 1906 575 1958 consilio
602 1919 865 1959 servorum
887 1922 916 1959 a
938 1906 1094 1959 Saulo
1113 1913 1326 1958 vocatus
1343 1907 1517 1973 ipsum
1540 1906 1664 1959 adiit
1691 1905 1847 1974 (utin
1868 1921 1979 1973 cap.
2005 1907 2087 1959 16.
2113 1923 2246 1960 nar-

356 1983 551 2050 ratur),
594 1983 686 2036 sed
715 1984 856 2050 quod
886 1999 1011 2036 casu
1029 1999 1058 2036 a
1078 1989 1221 2051 patre
1242 1983 1307 2034 ad
1326 1983 1508 2036 fratres
1527 1985 1582 2036 in
1601 1992 1766 2037 castra
1788 1985 1981 2036 missus
2000 1984 2162 2036 Sauio
2183 2001 2245 2037 ex

352 2061 622 2112 occasione
641 2062 911 2125 victoriae,
954 2076 1109 2126 quam
1130 2067 1304 2112 contra
1326 2060 1665 2114 Philistaeum
1683 2061 1855 2112 Goliat
1873 2058 2083 2123 habuit,
2125 2069 2240 2113 tum

355 2138 567 2191 demum
596 2137 823 2188 innotuit
848 2145 900 2188 et
924 2139 977 2189 in
1008 2137 1123 2189 auia
1146 2137 1390 2191 detentus
1408 2137 1525 2189 suit.
1598 2135 1741 2189 Idem
1762 2136 1826 2187 de
1846 2133 1958 2204 cap.
1978 2137 2068 2190 26.
2090 2139 2243 2192 eius-

354 2216 472 2268 dem
502 2214 626 2266 libri
656 2216 919 2281 suspicor,
962 2213 1101 2280 quod
1133 2216 1384 2268 nimirum
1413 2215 1690 2267 historicus
1721 2213 1934 2267 eandem
1963 2212 2036 2264 ibi
2067 2213 2240 2268 histo-

351 2293 481 2346 riam
497 2331 511 2354 ,
554 2306 685 2358 quae
706 2306 823 2360 cap.
844 2295 929 2346 24.
952 2292 1171 2344 habetur
1186 2332 1200 2354 ,
1239 2292 1528 2346 secundum
1551 2293 1852 2360 opinionem
1873 2292 2094 2343 alterius
2111 2307 2241 2346 nar-

353 2384 463 2420 rare
490 2369 742 2420 videatur.
817 2371 903 2422 16.
941 2370 1041 2421 Sed
1071 2369 1170 2421 hoc
1189 2370 1410 2422 missum
1431 2369 1565 2421 facio
1584 2368 1714 2420 etad
1736 2383 1990 2420 annorum
2012 2382 2237 2436 compu-

354 2448 600 2498 tationem
638 2445 1027 2498 examinandam
1064 2463 1245 2514 pergo.
1317 2447 1442 2513 Cap.
1475 2447 1527 2499 6.
1557 2443 1674 2499 libri
1708 2447 1757 2498 1.
1787 2447 1991 2510 Regum
2021 2443 2232 2508 dicitur,

356 2523 493 2590 quod
525 2522 767 2574 Salomon
800 2523 1051 2589 templum
1081 2523 1367 2576 aedificavit
1405 2537 1540 2575 anno
1569 2523 1690 2576 480.
1723 2522 1790 2574 ab
1817 2522 2041 2589 Aegypti
2079 2525 2235 2575 exitu.

354 2601 425 2729 ³12⁷t
469 2615 529 2728 eg
570 2599 800 2652 historiis
844 2601 983 2668 ipsis
1026 2601 1178 2670 longe
1223 2602 1476 2654 maiorem
1523 2614 1800 2654 numerum
1851 2599 2236 2653 concludirnus.
2318 2615 2319 2618 ¹

427 2713 441 2728 .
529 2689 611 2727 am

458 2877 499 2930 ‘)
537 2875 654 2924 Gall
686 2879 731 2922 in
762 2891 1080 2938 „teman-ques
1110 2880 1351 2926 curieuses
1381 2885 1429 2924 et
1455 2880 1744 2926 necessairea
1771 2877 2238 2937 pourl'intauigeaoe

360 2937 421 2982 de
448 2947 499 2982 ee
525 2935 683 2982 livre“
720 2945 846 2987 not..
886 2939 981 2994 „'C
986 2946 1055 2984 est
1080 2942 1107 2984 a
1136 2940 1235 2984 dire
1263 2951 1320 2984 en
1350 2938 1393 2984 d·
1397 2946 1552 2985 autres
1583 2946 1752 2988 termes
1791 2946 1840 2986 et
1865 2939 1980 2986 dana
2011 2951 2077 2986 un
2105 2946 2238 2988 autre

360 2997 521 3054 ordre,
559 3008 622 3054 qu
624 2995 696 3044 ils
714 3009 773 3044 ne
790 3009 843 3044 se
863 3003 1077 3046 trouvent
1093 3012 1155 3046 au
1172 2998 1288 3046 livre
1305 2999 1364 3046 de
1383 2996 1579 3046 losuef‘
