<?xml version="1.0" encoding="UTF-8"?>
<!DOCTYPE html PUBLIC "-//W3C//DTD XHTML 1.0 Transitional//EN"
    "http://www.w3.org/TR/xhtml1/DTD/xhtml1-transitional.dtd">
<html xmlns="http://www.w3.org/1999/xhtml" xml:lang="en" lang="en">
 <head>
  <title>
</title>
<meta http-equiv="Content-Type" content="text/html;charset=utf-8" />
  <meta name='ocr-system' content='tesseract 3.04.00' />
  <meta name='ocr-capabilities' content='ocr_page ocr_carea ocr_par ocr_line ocrx_word'/>
</head>
<body>
  <div class='ocr_page' id='page_1' title='image "benedictidespin03brudgoog_0265.png"; bbox 0 0 2350 3475; ppageno 0'>
   <div class='ocr_carea' id='block_1_1' title="bbox 857 137 1961 212">
    <p class='ocr_par' dir='ltr' id='par_1_1' title="bbox 857 137 1961 212">
     <span class='ocr_line' id='line_1_1' title="bbox 857 137 1961 212; baseline -0.001 -28"><span class='ocrx_word' id='word_1_1' title='bbox 857 138 995 184; x_wconf 73' lang='lat' dir='ltr'>GAP.</span> <span class='ocrx_word' id='word_1_2' title='bbox 1047 137 1210 184; x_wconf 83' lang='lat' dir='ltr'>xvn.</span> <span class='ocrx_word' id='word_1_3' title='bbox 1846 153 1961 212; x_wconf 70' lang='lat'>24¹</span> 
     </span>
    </p>
   </div>
   <div class='ocr_carea' id='block_1_2' title="bbox 72 329 1973 710">
    <p class='ocr_par' dir='ltr' id='par_1_2' title="bbox 72 329 1973 710">
     <span class='ocr_line' id='line_1_2' title="bbox 73 329 1968 400; baseline 0.001 -16"><span class='ocrx_word' id='word_1_4' title='bbox 73 329 320 400; x_wconf 85' lang='lat' dir='ltr'>aequalis</span> <span class='ocrx_word' id='word_1_5' title='bbox 357 343 566 398; x_wconf 83' lang='lat' dir='ltr'>semper</span> <span class='ocrx_word' id='word_1_6' title='bbox 601 330 812 394; x_wconf 72' lang='lat' dir='ltr'>fuisset,</span> <span class='ocrx_word' id='word_1_7' title='bbox 853 339 903 383; x_wconf 90' lang='lat' dir='ltr'>et</span> <span class='ocrx_word' id='word_1_8' title='bbox 939 333 1112 383; x_wconf 88' lang='lat' dir='ltr'>omnia</span> <span class='ocrx_word' id='word_1_9' title='bbox 1141 332 1471 384; x_wconf 74' lang='lat' dir='ltr'>securissime</span> <span class='ocrx_word' id='word_1_10' title='bbox 1496 345 1614 384; x_wconf 80' lang='lat' dir='ltr'>sese</span> <span class='ocrx_word' id='word_1_11' title='bbox 1643 330 1968 386; x_wconf 72' lang='lat' dir='ltr'><strong>habuissent.</strong></span> 
     </span>
     <span class='ocr_line' id='line_1_3' title="bbox 72 409 1973 476; baseline 0.001 -16"><span class='ocrx_word' id='word_1_12' title='bbox 72 412 214 461; x_wconf 83' lang='lat' dir='ltr'>Nam</span> <span class='ocrx_word' id='word_1_13' title='bbox 253 409 376 474; x_wconf 88' lang='lat' dir='ltr'>quis</span> <span class='ocrx_word' id='word_1_14' title='bbox 413 409 498 460; x_wconf 88' lang='lat' dir='ltr'>ius</span> <span class='ocrx_word' id='word_1_15' title='bbox 535 422 740 460; x_wconf 81' lang='lat' dir='ltr'>sacrum</span> <span class='ocrx_word' id='word_1_16' title='bbox 775 423 990 460; x_wconf 84' lang='lat' dir='ltr'>suorum</span> <span class='ocrx_word' id='word_1_17' title='bbox 1027 410 1537 476; x_wconf 75' lang='lat' dir='ltr'>consanguineorum</span> <span class='ocrx_word' id='word_1_18' title='bbox 1572 409 1757 462; x_wconf 83' lang='lat' dir='ltr'>violare</span> <span class='ocrx_word' id='word_1_19' title='bbox 1785 409 1973 462; x_wconf 79' lang='lat' dir='ltr'>vellet?</span> 
     </span>
     <span class='ocr_line' id='line_1_4' title="bbox 73 484 1969 555; baseline 0.001 -18"><span class='ocrx_word' id='word_1_20' title='bbox 73 488 182 549; x_wconf 83' lang='lat' dir='ltr'>Qui</span> <span class='ocrx_word' id='word_1_21' title='bbox 218 484 364 538; x_wconf 76' lang='lat' dir='ltr'>aliud</span> <span class='ocrx_word' id='word_1_22' title='bbox 383 485 620 549; x_wconf 85' lang='lat' dir='ltr'>mallent,</span> <span class='ocrx_word' id='word_1_23' title='bbox 646 500 804 552; x_wconf 84' lang='lat' dir='ltr'>quam</span> <span class='ocrx_word' id='word_1_24' title='bbox 825 500 951 538; x_wconf 82' lang='lat' dir='ltr'>snos</span> <span class='ocrx_word' id='word_1_25' title='bbox 969 488 1409 552; x_wconf 79' lang='lat' dir='ltr'>consanguineos,</span> <span class='ocrx_word' id='word_1_26' title='bbox 1443 487 1623 539; x_wconf 84' lang='lat' dir='ltr'>fratres</span> <span class='ocrx_word' id='word_1_27' title='bbox 1644 494 1697 539; x_wconf 87' lang='lat' dir='ltr'>et</span> <span class='ocrx_word' id='word_1_28' title='bbox 1712 496 1969 555; x_wconf 83' lang='lat' dir='ltr'>parentes,</span> 
     </span>
     <span class='ocr_line' id='line_1_5' title="bbox 73 563 1971 631; baseline 0 -17"><span class='ocrx_word' id='word_1_29' title='bbox 73 579 136 614; x_wconf 84' lang='lat' dir='ltr'>ex</span> <span class='ocrx_word' id='word_1_30' title='bbox 169 563 366 629; x_wconf 84' lang='lat' dir='ltr'>pietate</span> <span class='ocrx_word' id='word_1_31' title='bbox 394 563 663 628; x_wconf 78' lang='lat' dir='ltr'>religionis</span> <span class='ocrx_word' id='word_1_32' title='bbox 687 563 854 626; x_wconf 86' lang='lat' dir='ltr'>alere,</span> <span class='ocrx_word' id='word_1_33' title='bbox 893 577 1048 629; x_wconf 82' lang='lat' dir='ltr'>quam</span> <span class='ocrx_word' id='word_1_34' title='bbox 1079 564 1265 616; x_wconf 86' lang='lat' dir='ltr'>iisdem</span> <span class='ocrx_word' id='word_1_35' title='bbox 1294 565 1469 630; x_wconf 76' lang='lat' dir='ltr'>legum</span> <span class='ocrx_word' id='word_1_36' title='bbox 1500 565 1971 631; x_wconf 73' lang='lat' dir='ltr'>interpretationem</span> 
     </span>
     <span class='ocr_line' id='line_1_6' title="bbox 75 637 1973 710; baseline 0 -19"><span class='ocrx_word' id='word_1_37' title='bbox 75 640 322 701; x_wconf 78' lang='lat' dir='ltr'>edoceri,</span> <span class='ocrx_word' id='word_1_38' title='bbox 362 646 416 690; x_wconf 86' lang='lat' dir='ltr'>et</span> <span class='ocrx_word' id='word_1_39' title='bbox 448 654 605 706; x_wconf 81' lang='lat' dir='ltr'>quam</span> <span class='ocrx_word' id='word_1_40' title='bbox 635 640 858 706; x_wconf 82' lang='lat' dir='ltr'>denique</span> <span class='ocrx_word' id='word_1_41' title='bbox 889 640 956 692; x_wconf 85' lang='lat' dir='ltr'>ab</span> <span class='ocrx_word' id='word_1_42' title='bbox 973 640 1164 693; x_wconf 89' lang='lat' dir='ltr'>iisdem</span> <span class='ocrx_word' id='word_1_43' title='bbox 1186 641 1355 694; x_wconf 76' lang='lat' dir='ltr'>divina</span> <span class='ocrx_word' id='word_1_44' title='bbox 1376 655 1622 710; x_wconf 83' lang='lat' dir='ltr'>responsa</span> <span class='ocrx_word' id='word_1_45' title='bbox 1642 637 1973 708; x_wconf 72' lang='lat' dir='ltr'>exspectare?</span> 
     </span>
    </p>
   </div>
   <div class='ocr_carea' id='block_1_3' title="bbox 77 715 2077 784">
    <p class='ocr_par' dir='ltr' id='par_1_3' title="bbox 77 715 2077 784">
     <span class='ocr_line' id='line_1_7' title="bbox 77 715 2077 784; baseline 0.001 -17"><span class='ocrx_word' id='word_1_46' title='bbox 77 717 206 770; x_wconf 79' lang='lat'><strong>102.</strong></span> <span class='ocrx_word' id='word_1_47' title='bbox 239 717 444 768; x_wconf 78' lang='lat' dir='ltr'>Deinde</span> <span class='ocrx_word' id='word_1_48' title='bbox 469 716 564 770; x_wconf 83' lang='lat' dir='ltr'>hac</span> <span class='ocrx_word' id='word_1_49' title='bbox 589 719 784 770; x_wconf 83' lang='lat' dir='ltr'>ratione</span> <span class='ocrx_word' id='word_1_50' title='bbox 811 731 994 769; x_wconf 86' lang='lat' dir='ltr'>omnes</span> <span class='ocrx_word' id='word_1_51' title='bbox 1018 715 1187 769; x_wconf 87' lang='lat' dir='ltr'>tribus</span> <span class='ocrx_word' id='word_1_52' title='bbox 1214 718 1365 784; x_wconf 80' lang='lat' dir='ltr'>louge</span> <span class='ocrx_word' id='word_1_53' title='bbox 1393 719 1585 771; x_wconf 81' lang='lat' dir='ltr'>arctius</span> <span class='ocrx_word' id='word_1_54' title='bbox 1612 720 1831 771; x_wconf 84' lang='lat' dir='ltr'>invicem</span> <span class='ocrx_word' id='word_1_55' title='bbox 1852 718 1975 769; x_wconf 88' lang='lat' dir='ltr'>nni-</span> <span class='ocrx_word' id='word_1_56' title='bbox 2072 744 2077 753; x_wconf 93' lang='lat'>·</span> 
     </span>
    </p>
   </div>
   <div class='ocr_carea' id='block_1_4' title="bbox 75 793 1991 2938">
    <p class='ocr_par' dir='ltr' id='par_1_4' title="bbox 75 793 1991 2938">
     <span class='ocr_line' id='line_1_8' title="bbox 76 793 1973 862; baseline 0.002 -18"><span class='ocrx_word' id='word_1_57' title='bbox 76 802 160 844; x_wconf 88' lang='lat' dir='ltr'>tae</span> <span class='ocrx_word' id='word_1_58' title='bbox 203 795 554 858; x_wconf 77' lang='lat' dir='ltr'>mansissent,</span> <span class='ocrx_word' id='word_1_59' title='bbox 595 796 642 847; x_wconf 88' lang='lat' dir='ltr'>si</span> <span class='ocrx_word' id='word_1_60' title='bbox 681 793 930 847; x_wconf 65' lang='lat' dir='ltr'>nimirum</span> <span class='ocrx_word' id='word_1_61' title='bbox 967 795 1214 846; x_wconf 88' lang='lat' dir='ltr'>omnibus</span> <span class='ocrx_word' id='word_1_62' title='bbox 1252 795 1466 862; x_wconf 80' lang='lat' dir='ltr'>aequale</span> <span class='ocrx_word' id='word_1_63' title='bbox 1503 796 1587 848; x_wconf 91' lang='lat' dir='ltr'>ius</span> <span class='ocrx_word' id='word_1_64' title='bbox 1614 796 1803 848; x_wconf 81' lang='lat' dir='ltr'>fuisset</span> <span class='ocrx_word' id='word_1_65' title='bbox 1826 809 1973 847; x_wconf 87' lang='lat' dir='ltr'>sacra</span> 
     </span>
     <span class='ocr_line' id='line_1_9' title="bbox 75 869 1973 940; baseline 0.002 -20"><span class='ocrx_word' id='word_1_66' title='bbox 75 869 512 933; x_wconf 76' lang='lat' dir='ltr'>administrandi3</span> <span class='ocrx_word' id='word_1_67' title='bbox 550 873 682 939; x_wconf 81' lang='lat' dir='ltr'>quin</span> <span class='ocrx_word' id='word_1_68' title='bbox 700 872 808 923; x_wconf 86' lang='lat' dir='ltr'>imo</span> <span class='ocrx_word' id='word_1_69' title='bbox 829 871 958 923; x_wconf 80' lang='lat' dir='ltr'>nihil</span> <span class='ocrx_word' id='word_1_70' title='bbox 978 871 1267 923; x_wconf 85' lang='lat' dir='ltr'>timendum</span> <span class='ocrx_word' id='word_1_71' title='bbox 1288 873 1451 936; x_wconf 66' lang='lat' dir='ltr'>esset,</span> <span class='ocrx_word' id='word_1_72' title='bbox 1482 874 1527 924; x_wconf 88' lang='lat' dir='ltr'>si</span> <span class='ocrx_word' id='word_1_73' title='bbox 1548 874 1661 940; x_wconf 82' lang='lat' dir='ltr'>ipsa</span> <span class='ocrx_word' id='word_1_74' title='bbox 1680 872 1973 925; x_wconf 72' lang='lat' dir='ltr'>Leviter-um</span> 
     </span>
     <span class='ocr_line' id='line_1_10' title="bbox 79 947 1977 1015; baseline 0.001 -17"><span class='ocrx_word' id='word_1_75' title='bbox 79 948 273 999; x_wconf 77' lang='lat' dir='ltr'>electio</span> <span class='ocrx_word' id='word_1_76' title='bbox 293 947 443 999; x_wconf 82' lang='lat' dir='ltr'>aliam</span> <span class='ocrx_word' id='word_1_77' title='bbox 465 963 700 1010; x_wconf 79' lang='lat' dir='ltr'>causam,</span> <span class='ocrx_word' id='word_1_78' title='bbox 721 963 880 1015; x_wconf 84' lang='lat' dir='ltr'>quam</span> <span class='ocrx_word' id='word_1_79' title='bbox 907 949 1033 1000; x_wconf 76' lang='lat' dir='ltr'>iram</span> <span class='ocrx_word' id='word_1_80' title='bbox 1054 955 1104 1000; x_wconf 91' lang='lat' dir='ltr'>et</span> <span class='ocrx_word' id='word_1_81' title='bbox 1120 949 1397 1000; x_wconf 80' lang='lat' dir='ltr'>vindictam</span> <span class='ocrx_word' id='word_1_82' title='bbox 1419 950 1706 1002; x_wconf 72' lang='lat' dir='ltr'>habuisset.</span> <span class='ocrx_word' id='word_1_83' title='bbox 1746 949 1851 1000; x_wconf 85' lang='lat' dir='ltr'>Sed</span> <span class='ocrx_word' id='word_1_84' title='bbox 1868 950 1977 1000; x_wconf 87' lang='lat' dir='ltr'>sic-</span> 
     </span>
     <span class='ocr_line' id='line_1_11' title="bbox 77 1024 1977 1092; baseline 0.002 -19"><span class='ocrx_word' id='word_1_85' title='bbox 77 1025 158 1074; x_wconf 87' lang='lat' dir='ltr'>uti</span> <span class='ocrx_word' id='word_1_86' title='bbox 183 1024 442 1076; x_wconf 82' lang='lat' dir='ltr'>diximus:</span> <span class='ocrx_word' id='word_1_87' title='bbox 479 1027 648 1076; x_wconf 81' lang='lat' dir='ltr'>Deum</span> <span class='ocrx_word' id='word_1_88' title='bbox 671 1039 828 1078; x_wconf 81' lang='lat' dir='ltr'>suum</span> <span class='ocrx_word' id='word_1_89' title='bbox 849 1026 1038 1077; x_wconf 86' lang='lat' dir='ltr'>iratum</span> <span class='ocrx_word' id='word_1_90' title='bbox 1059 1024 1371 1087; x_wconf 78' lang='lat' dir='ltr'>habueruut,</span> <span class='ocrx_word' id='word_1_91' title='bbox 1404 1027 1495 1091; x_wconf 89' lang='lat' dir='ltr'>qni</span> <span class='ocrx_word' id='word_1_92' title='bbox 1521 1028 1727 1092; x_wconf 84' lang='lat' dir='ltr'>‚,ipsos‚</span> <span class='ocrx_word' id='word_1_93' title='bbox 1748 1034 1806 1078; x_wconf 85' lang='lat' dir='ltr'>ut</span> <span class='ocrx_word' id='word_1_94' title='bbox 1823 1025 1977 1078; x_wconf 80' lang='lat' dir='ltr'>verba</span> 
     </span>
     <span class='ocr_line' id='line_1_12' title="bbox 77 1099 1977 1168; baseline 0.001 -18"><span class='ocrx_word' id='word_1_95' title='bbox 77 1099 378 1152; x_wconf 64' lang='lat' dir='ltr'>Ezechielis</span> <span class='ocrx_word' id='word_1_96' title='bbox 397 1102 583 1154; x_wconf 84' lang='lat' dir='ltr'>iterum</span> <span class='ocrx_word' id='word_1_97' title='bbox 606 1109 831 1168; x_wconf 85' lang='lat' dir='ltr'>repetam</span> <span class='ocrx_word' id='word_1_98' title='bbox 846 1141 860 1164; x_wconf 92' lang='lat'><strong>‚</strong></span> <span class='ocrx_word' id='word_1_99' title='bbox 883 1103 994 1154; x_wconf 85' lang='lat' dir='ltr'>suis</span> <span class='ocrx_word' id='word_1_100' title='bbox 1011 1101 1321 1154; x_wconf 84' lang='lat' dir='ltr'>muneribus</span> <span class='ocrx_word' id='word_1_101' title='bbox 1341 1103 1644 1168; x_wconf 73' lang='lat' dir='ltr'>imputavit,</span> <span class='ocrx_word' id='word_1_102' title='bbox 1668 1101 1977 1154; x_wconf 84' lang='lat' dir='ltr'>remittendo</span> 
     </span>
     <span class='ocr_line' id='line_1_13' title="bbox 78 1178 1979 1244; baseline 0 -16"><span class='ocrx_word' id='word_1_103' title='bbox 78 1191 300 1228; x_wconf 86' lang='lat' dir='ltr'>omnem</span> <span class='ocrx_word' id='word_1_104' title='bbox 319 1186 606 1244; x_wconf 84' lang='lat' dir='ltr'>aperturam</span> <span class='ocrx_word' id='word_1_105' title='bbox 629 1179 831 1240; x_wconf 76' lang='lat' dir='ltr'>vulvae,</span> <span class='ocrx_word' id='word_1_106' title='bbox 853 1187 912 1230; x_wconf 90' lang='lat' dir='ltr'>ut</span> <span class='ocrx_word' id='word_1_107' title='bbox 929 1179 1138 1231; x_wconf 89' lang='lat' dir='ltr'>eosdem</span> <span class='ocrx_word' id='word_1_108' title='bbox 1159 1184 1441 1230; x_wconf 82' lang='lat' dir='ltr'>vastaret.“</span> <span class='ocrx_word' id='word_1_109' title='bbox 1503 1179 1622 1231; x_wconf 82' lang='grc'><strong>103.</strong></span> <span class='ocrx_word' id='word_1_110' title='bbox 1652 1178 1979 1230; x_wconf 80' lang='lat' dir='ltr'>Confirman-</span> 
     </span>
     <span class='ocr_line' id='line_1_14' title="bbox 81 1253 1979 1322; baseline 0.001 -18"><span class='ocrx_word' id='word_1_111' title='bbox 81 1262 170 1305; x_wconf 87' lang='lat' dir='ltr'>tur</span> <span class='ocrx_word' id='word_1_112' title='bbox 200 1253 329 1304; x_wconf 86' lang='lat' dir='ltr'>haec</span> <span class='ocrx_word' id='word_1_113' title='bbox 359 1262 618 1320; x_wconf 85' lang='lat' dir='ltr'>praeterea</span> <span class='ocrx_word' id='word_1_114' title='bbox 646 1256 774 1322; x_wconf 85' lang='lat' dir='ltr'>ipsis</span> <span class='ocrx_word' id='word_1_115' title='bbox 802 1256 1050 1308; x_wconf 76' lang='lat' dir='ltr'>historiis·</span> <span class='ocrx_word' id='word_1_116' title='bbox 1125 1256 1291 1308; x_wconf 87' lang='lat' dir='ltr'>Simul</span> <span class='ocrx_word' id='word_1_117' title='bbox 1322 1269 1383 1306; x_wconf 78' lang='lat' dir='ltr'>ac</span> <span class='ocrx_word' id='word_1_118' title='bbox 1414 1254 1639 1322; x_wconf 82' lang='lat' dir='ltr'>populus</span> <span class='ocrx_word' id='word_1_119' title='bbox 1670 1256 1723 1306; x_wconf 87' lang='lat' dir='ltr'>iu</span> <span class='ocrx_word' id='word_1_120' title='bbox 1762 1255 1979 1306; x_wconf 84' lang='lat' dir='ltr'>desertis</span> 
     </span>
     <span class='ocr_line' id='line_1_15' title="bbox 79 1329 1979 1398; baseline -0.001 -17"><span class='ocrx_word' id='word_1_121' title='bbox 79 1333 192 1382; x_wconf 87' lang='lat' dir='ltr'>otio</span> <span class='ocrx_word' id='word_1_122' title='bbox 222 1329 490 1384; x_wconf 82' lang='lat' dir='ltr'>abundare</span> <span class='ocrx_word' id='word_1_123' title='bbox 518 1333 709 1398; x_wconf 80' lang='lat' dir='ltr'>coepit,</span> <span class='ocrx_word' id='word_1_124' title='bbox 749 1333 896 1384; x_wconf 86' lang='lat' dir='ltr'>multi</span> <span class='ocrx_word' id='word_1_125' title='bbox 927 1341 977 1383; x_wconf 92' lang='lat' dir='ltr'>et</span> <span class='ocrx_word' id='word_1_126' title='bbox 1005 1347 1110 1384; x_wconf 86' lang='lat' dir='ltr'>non</span> <span class='ocrx_word' id='word_1_127' title='bbox 1141 1333 1207 1384; x_wconf 87' lang='lat' dir='ltr'>de</span> <span class='ocrx_word' id='word_1_128' title='bbox 1238 1332 1387 1398; x_wconf 84' lang='lat' dir='ltr'>plebe</span> <span class='ocrx_word' id='word_1_129' title='bbox 1414 1332 1507 1382; x_wconf 83' lang='lat' dir='ltr'>viri</span> <span class='ocrx_word' id='word_1_130' title='bbox 1526 1331 1659 1382; x_wconf 72' lang='lat' dir='ltr'>lianc</span> <span class='ocrx_word' id='word_1_131' title='bbox 1676 1331 1979 1382; x_wconf 88' lang='lat' dir='ltr'>electionem</span> 
     </span>
     <span class='ocr_line' id='line_1_16' title="bbox 80 1406 1974 1475; baseline -0.002 -16"><span class='ocrx_word' id='word_1_132' title='bbox 80 1423 240 1474; x_wconf 82' lang='lat' dir='ltr'>aegre</span> <span class='ocrx_word' id='word_1_133' title='bbox 277 1409 414 1461; x_wconf 75' lang='lat' dir='ltr'>ferre</span> <span class='ocrx_word' id='word_1_134' title='bbox 451 1410 783 1475; x_wconf 84' lang='lat' dir='ltr'>inceperunt,</span> <span class='ocrx_word' id='word_1_135' title='bbox 835 1418 884 1461; x_wconf 89' lang='lat' dir='ltr'>et</span> <span class='ocrx_word' id='word_1_136' title='bbox 922 1409 1044 1461; x_wconf 85' lang='lat' dir='ltr'>hinc</span> <span class='ocrx_word' id='word_1_137' title='bbox 1079 1410 1403 1461; x_wconf 72' lang='lat' dir='ltr'>occasionem</span> <span class='ocrx_word' id='word_1_138' title='bbox 1440 1415 1685 1474; x_wconf 86' lang='lat' dir='ltr'>ceperunt</span> <span class='ocrx_word' id='word_1_139' title='bbox 1714 1406 1974 1469; x_wconf 84' lang='lat' dir='ltr'>credendi,</span> 
     </span>
     <span class='ocr_line' id='line_1_17' title="bbox 80 1484 1976 1547; baseline -0.003 -10"><span class='ocrx_word' id='word_1_140' title='bbox 80 1488 279 1537; x_wconf 82' lang='lat' dir='ltr'>Mosen</span> <span class='ocrx_word' id='word_1_141' title='bbox 309 1484 436 1536; x_wconf 83' lang='lat' dir='ltr'>nihil</span> <span class='ocrx_word' id='word_1_142' title='bbox 461 1500 523 1538; x_wconf 84' lang='lat' dir='ltr'>ex</span> <span class='ocrx_word' id='word_1_143' title='bbox 549 1484 792 1538; x_wconf 82' lang='lat' dir='ltr'>mandato</span> <span class='ocrx_word' id='word_1_144' title='bbox 819 1487 1022 1547; x_wconf 80' lang='lat' dir='ltr'>divino,</span> <span class='ocrx_word' id='word_1_145' title='bbox 1063 1485 1156 1538; x_wconf 87' lang='lat' dir='ltr'>sed</span> <span class='ocrx_word' id='word_1_146' title='bbox 1186 1486 1251 1538; x_wconf 84' lang='lat' dir='ltr'>ad</span> <span class='ocrx_word' id='word_1_147' title='bbox 1273 1484 1479 1538; x_wconf 87' lang='lat' dir='ltr'>libitum</span> <span class='ocrx_word' id='word_1_148' title='bbox 1498 1485 1671 1534; x_wconf 89' lang='lat' dir='ltr'>omnia</span> <span class='ocrx_word' id='word_1_149' title='bbox 1690 1484 1976 1546; x_wconf 82' lang='lat' dir='ltr'>instituere,</span> 
     </span>
     <span class='ocr_line' id='line_1_18' title="bbox 82 1559 1982 1629; baseline -0.002 -16"><span class='ocrx_word' id='word_1_150' title='bbox 82 1564 214 1628; x_wconf 82' lang='lat' dir='ltr'>quie</span> <span class='ocrx_word' id='word_1_151' title='bbox 247 1561 445 1614; x_wconf 88' lang='lat' dir='ltr'>scilicet</span> <span class='ocrx_word' id='word_1_152' title='bbox 461 1577 610 1614; x_wconf 80' lang='lat' dir='ltr'>suam</span> <span class='ocrx_word' id='word_1_153' title='bbox 630 1561 824 1614; x_wconf 86' lang='lat' dir='ltr'>tribum</span> <span class='ocrx_word' id='word_1_154' title='bbox 845 1578 968 1629; x_wconf 80' lang='lat' dir='ltr'>prae</span> <span class='ocrx_word' id='word_1_155' title='bbox 987 1561 1233 1615; x_wconf 82' lang='lat' dir='ltr'>omnibus</span> <span class='ocrx_word' id='word_1_156' title='bbox 1252 1562 1460 1628; x_wconf 76' lang='lat' dir='ltr'>elegerit</span> <span class='ocrx_word' id='word_1_157' title='bbox 1480 1562 1633 1613; x_wconf 83' lang='lat' dir='ltr'>etius</span> <span class='ocrx_word' id='word_1_158' title='bbox 1653 1559 1982 1628; x_wconf 85' lang='lat' dir='ltr'>pontificatus</span> 
     </span>
     <span class='ocr_line' id='line_1_19' title="bbox 85 1636 1984 1707; baseline -0.004 -15"><span class='ocrx_word' id='word_1_159' title='bbox 85 1643 138 1692; x_wconf 89' lang='lat' dir='ltr'>iu</span> <span class='ocrx_word' id='word_1_160' title='bbox 169 1645 445 1692; x_wconf 84' lang='lat' dir='ltr'>aeternum</span> <span class='ocrx_word' id='word_1_161' title='bbox 473 1653 572 1690; x_wconf 86' lang='lat' dir='ltr'>suo</span> <span class='ocrx_word' id='word_1_162' title='bbox 601 1638 740 1690; x_wconf 76' lang='lat' dir='ltr'>fratri</span> <span class='ocrx_word' id='word_1_163' title='bbox 769 1639 992 1704; x_wconf 83' lang='lat' dir='ltr'>dederit,</span> <span class='ocrx_word' id='word_1_164' title='bbox 1035 1647 1346 1707; x_wconf 78' lang='lat' dir='ltr'>quapropter</span> <span class='ocrx_word' id='word_1_165' title='bbox 1372 1641 1547 1706; x_wconf 86' lang='lat' dir='ltr'>ipsum</span> <span class='ocrx_word' id='word_1_166' title='bbox 1566 1636 1795 1688; x_wconf 81' lang='lat' dir='ltr'>tumultu</span> <span class='ocrx_word' id='word_1_167' title='bbox 1814 1636 1984 1687; x_wconf 89' lang='lat' dir='ltr'>conci-</span> 
     </span>
     <span class='ocr_line' id='line_1_20' title="bbox 85 1715 1983 1785; baseline -0.002 -16"><span class='ocrx_word' id='word_1_168' title='bbox 85 1723 198 1770; x_wconf 88' lang='lat' dir='ltr'>tato</span> <span class='ocrx_word' id='word_1_169' title='bbox 229 1715 425 1768; x_wconf 77' lang='lat' dir='ltr'>adeunt</span> <span class='ocrx_word' id='word_1_170' title='bbox 455 1716 764 1780; x_wconf 82' lang='lat' dir='ltr'>clamantes,</span> <span class='ocrx_word' id='word_1_171' title='bbox 797 1731 980 1770; x_wconf 86' lang='lat' dir='ltr'>omnes</span> <span class='ocrx_word' id='word_1_172' title='bbox 999 1732 1164 1785; x_wconf 83' lang='lat' dir='ltr'>aeque</span> <span class='ocrx_word' id='word_1_173' title='bbox 1186 1723 1393 1769; x_wconf 84' lang='lat' dir='ltr'>sanctos</span> <span class='ocrx_word' id='word_1_174' title='bbox 1412 1731 1555 1780; x_wconf 86' lang='lat' dir='ltr'>esse,</span> <span class='ocrx_word' id='word_1_175' title='bbox 1586 1716 1867 1783; x_wconf 83' lang='lat' dir='ltr'>ipsumque</span> <span class='ocrx_word' id='word_1_176' title='bbox 1885 1727 1983 1767; x_wconf 81' lang='lat' dir='ltr'>sn·-</span> 
     </span>
     <span class='ocr_line' id='line_1_21' title="bbox 86 1791 1985 1860; baseline -0.001 -15"><span class='ocrx_word' id='word_1_177' title='bbox 86 1809 182 1860; x_wconf 86' lang='lat' dir='ltr'>pra</span> <span class='ocrx_word' id='word_1_178' title='bbox 211 1807 396 1845; x_wconf 88' lang='lat' dir='ltr'>omnes</span> <span class='ocrx_word' id='word_1_179' title='bbox 424 1801 600 1845; x_wconf 87' lang='lat' dir='ltr'>contra</span> <span class='ocrx_word' id='word_1_180' title='bbox 627 1794 714 1846; x_wconf 83' lang='lat' dir='ltr'>ius</span> <span class='ocrx_word' id='word_1_181' title='bbox 741 1795 911 1847; x_wconf 81' lang='lat' dir='ltr'>extolli</span> <span class='ocrx_word' id='word_1_182' title='bbox 928 1798 999 1860; x_wconf 64' lang='grc'>11).</span> <span class='ocrx_word' id='word_1_183' title='bbox 1075 1798 1194 1849; x_wconf 80' lang='grc'><strong>104.</strong></span> <span class='ocrx_word' id='word_1_184' title='bbox 1231 1796 1339 1847; x_wconf 86' lang='lat' dir='ltr'>Nec</span> <span class='ocrx_word' id='word_1_185' title='bbox 1356 1808 1447 1846; x_wconf 88' lang='lat' dir='ltr'>eos</span> <span class='ocrx_word' id='word_1_186' title='bbox 1466 1793 1570 1846; x_wconf 77' lang='lat' dir='ltr'>ulle</span> <span class='ocrx_word' id='word_1_187' title='bbox 1590 1794 1787 1845; x_wconf 83' lang='lat' dir='ltr'>ratione</span> <span class='ocrx_word' id='word_1_188' title='bbox 1804 1791 1985 1843; x_wconf 83' lang='lat' dir='ltr'>sedare</span> 
     </span>
     <span class='ocr_line' id='line_1_22' title="bbox 87 1868 1983 1938; baseline -0.001 -17"><span class='ocrx_word' id='word_1_189' title='bbox 87 1872 284 1938; x_wconf 80' lang='lat' dir='ltr'>potuit,</span> <span class='ocrx_word' id='word_1_190' title='bbox 310 1870 402 1921; x_wconf 84' lang='lat' dir='ltr'>sed</span> <span class='ocrx_word' id='word_1_191' title='bbox 421 1868 654 1921; x_wconf 82' lang='lat' dir='ltr'>adhibito</span> <span class='ocrx_word' id='word_1_192' title='bbox 676 1872 726 1921; x_wconf 90' lang='lat' dir='ltr'>in</span> <span class='ocrx_word' id='word_1_193' title='bbox 747 1872 952 1938; x_wconf 80' lang='lat' dir='ltr'>signum</span> <span class='ocrx_word' id='word_1_194' title='bbox 975 1872 1092 1925; x_wconf 81' lang='lat' dir='ltr'>fidei</span> <span class='ocrx_word' id='word_1_195' title='bbox 1116 1872 1365 1923; x_wconf 86' lang='lat' dir='ltr'>miraculo</span> <span class='ocrx_word' id='word_1_196' title='bbox 1382 1886 1565 1923; x_wconf 86' lang='lat' dir='ltr'>omnes</span> <span class='ocrx_word' id='word_1_197' title='bbox 1584 1871 1815 1922; x_wconf 81' lang='lat' dir='ltr'>exstincti</span> <span class='ocrx_word' id='word_1_198' title='bbox 1834 1876 1983 1930; x_wconf 79' lang='lat' dir='ltr'>sunt3</span> 
     </span>
     <span class='ocr_line' id='line_1_23' title="bbox 87 1946 1987 2017; baseline -0.002 -18"><span class='ocrx_word' id='word_1_199' title='bbox 87 1948 237 1999; x_wconf 85' lang='lat' dir='ltr'>unde</span> <span class='ocrx_word' id='word_1_200' title='bbox 263 1960 394 1999; x_wconf 79' lang='lat' dir='ltr'>nova</span> <span class='ocrx_word' id='word_1_201' title='bbox 424 1954 476 1997; x_wconf 88' lang='lat' dir='ltr'>et</span> <span class='ocrx_word' id='word_1_202' title='bbox 502 1948 808 1999; x_wconf 81' lang='lat' dir='ltr'>universalis</span> <span class='ocrx_word' id='word_1_203' title='bbox 835 1948 1016 2017; x_wconf 79' lang='lat' dir='ltr'>populi</span> <span class='ocrx_word' id='word_1_204' title='bbox 1045 1951 1203 2000; x_wconf 85' lang='lat' dir='ltr'>totius</span> <span class='ocrx_word' id='word_1_205' title='bbox 1230 1948 1417 2000; x_wconf 86' lang='lat' dir='ltr'>seditio</span> <span class='ocrx_word' id='word_1_206' title='bbox 1445 1955 1555 1999; x_wconf 82' lang='lat' dir='ltr'>orta</span> <span class='ocrx_word' id='word_1_207' title='bbox 1584 1953 1689 2009; x_wconf 84' lang='lat' dir='ltr'>est,</span> <span class='ocrx_word' id='word_1_208' title='bbox 1729 1946 1987 1998; x_wconf 88' lang='lat' dir='ltr'>credentis</span> 
     </span>
     <span class='ocr_line' id='line_1_24' title="bbox 88 2022 1983 2087; baseline -0.003 -10"><span class='ocrx_word' id='word_1_209' title='bbox 88 2025 324 2087; x_wconf 85' lang='lat' dir='ltr'>scilicet,</span> <span class='ocrx_word' id='word_1_210' title='bbox 355 2037 444 2075; x_wconf 87' lang='lat' dir='ltr'>eos</span> <span class='ocrx_word' id='word_1_211' title='bbox 471 2038 576 2075; x_wconf 87' lang='lat' dir='ltr'>nou</span> <span class='ocrx_word' id='word_1_212' title='bbox 597 2024 706 2076; x_wconf 85' lang='lat' dir='ltr'>Deo</span> <span class='ocrx_word' id='word_1_213' title='bbox 724 2025 924 2087; x_wconf 89' lang='lat' dir='ltr'>iudice,</span> <span class='ocrx_word' id='word_1_214' title='bbox 953 2024 1046 2078; x_wconf 88' lang='lat' dir='ltr'>sed</span> <span class='ocrx_word' id='word_1_215' title='bbox 1075 2033 1185 2077; x_wconf 82' lang='lat' dir='ltr'>arte</span> <span class='ocrx_word' id='word_1_216' title='bbox 1206 2026 1369 2079; x_wconf 74' lang='lat' dir='ltr'>Mosis</span> <span class='ocrx_word' id='word_1_217' title='bbox 1398 2028 1678 2076; x_wconf 75' lang='lat' dir='ltr'>exstinctos</span> <span class='ocrx_word' id='word_1_218' title='bbox 1708 2036 1850 2082; x_wconf 85' lang='lat' dir='ltr'>esse,</span> <span class='ocrx_word' id='word_1_219' title='bbox 1892 2022 1983 2087; x_wconf 86' lang='lat' dir='ltr'>qui</span> 
     </span>
     <span class='ocr_line' id='line_1_25' title="bbox 88 2100 1988 2169; baseline -0.003 -16"><span class='ocrx_word' id='word_1_220' title='bbox 88 2100 312 2153; x_wconf 85' lang='lat' dir='ltr'>tandem</span> <span class='ocrx_word' id='word_1_221' title='bbox 337 2106 456 2167; x_wconf 81' lang='lat' dir='ltr'>post</span> <span class='ocrx_word' id='word_1_222' title='bbox 479 2114 722 2165; x_wconf 79' lang='lat' dir='ltr'>maguam</span> <span class='ocrx_word' id='word_1_223' title='bbox 749 2102 948 2154; x_wconf 83' lang='lat' dir='ltr'>cladem</span> <span class='ocrx_word' id='word_1_224' title='bbox 975 2103 1054 2154; x_wconf 85' lang='lat' dir='ltr'>vel</span> <span class='ocrx_word' id='word_1_225' title='bbox 1075 2103 1424 2169; x_wconf 81' lang='lat' dir='ltr'>pestilentiam</span> <span class='ocrx_word' id='word_1_226' title='bbox 1446 2101 1622 2153; x_wconf 76' lang='lat' dir='ltr'>fessus</span> <span class='ocrx_word' id='word_1_227' title='bbox 1640 2100 1865 2163; x_wconf 83' lang='lat' dir='ltr'>sedavit,</span> <span class='ocrx_word' id='word_1_228' title='bbox 1905 2104 1988 2149; x_wconf 84' lang='lat' dir='ltr'>ast</span> 
     </span>
     <span class='ocr_line' id='line_1_26' title="bbox 89 2176 1988 2245; baseline -0.002 -16"><span class='ocrx_word' id='word_1_229' title='bbox 89 2180 162 2229; x_wconf 79' lang='lat' dir='ltr'>ita</span> <span class='ocrx_word' id='word_1_230' title='bbox 189 2184 255 2228; x_wconf 88' lang='lat' dir='ltr'>ut</span> <span class='ocrx_word' id='word_1_231' title='bbox 279 2190 466 2228; x_wconf 86' lang='lat' dir='ltr'>omnes</span> <span class='ocrx_word' id='word_1_232' title='bbox 493 2178 624 2229; x_wconf 85' lang='lat' dir='ltr'>mori</span> <span class='ocrx_word' id='word_1_233' title='bbox 653 2177 892 2243; x_wconf 84' lang='lat' dir='ltr'>mallent,</span> <span class='ocrx_word' id='word_1_234' title='bbox 934 2192 1092 2245; x_wconf 85' lang='lat' dir='ltr'>quam</span> <span class='ocrx_word' id='word_1_235' title='bbox 1118 2181 1307 2231; x_wconf 83' lang='lat' dir='ltr'>vivere.</span> <span class='ocrx_word' id='word_1_236' title='bbox 1378 2178 1554 2242; x_wconf 77' lang='lat' dir='ltr'>Quare</span> <span class='ocrx_word' id='word_1_237' title='bbox 1589 2186 1712 2229; x_wconf 89' lang='lat' dir='ltr'>tuuc</span> <span class='ocrx_word' id='word_1_238' title='bbox 1740 2176 1988 2241; x_wconf 80' lang='lat' dir='ltr'>temporis</span> 
     </span>
     <span class='ocr_line' id='line_1_27' title="bbox 88 2251 1987 2322; baseline -0.004 -15"><span class='ocrx_word' id='word_1_239' title='bbox 88 2254 292 2307; x_wconf 84' lang='lat' dir='ltr'>seditio</span> <span class='ocrx_word' id='word_1_240' title='bbox 312 2255 478 2319; x_wconf 78' lang='lat' dir='ltr'>magis</span> <span class='ocrx_word' id='word_1_241' title='bbox 495 2253 744 2317; x_wconf 75' lang='lat' dir='ltr'>desierat,</span> <span class='ocrx_word' id='word_1_242' title='bbox 776 2270 932 2322; x_wconf 81' lang='lat' dir='ltr'>quam</span> <span class='ocrx_word' id='word_1_243' title='bbox 953 2256 1225 2309; x_wconf 83' lang='lat' dir='ltr'>concordia</span> <span class='ocrx_word' id='word_1_244' title='bbox 1254 2262 1511 2322; x_wconf 83' lang='lat' dir='ltr'>coeperat.</span> <span class='ocrx_word' id='word_1_245' title='bbox 1586 2256 1704 2308; x_wconf 79' lang='grc'><strong>105.</strong></span> <span class='ocrx_word' id='word_1_246' title='bbox 1745 2251 1899 2314; x_wconf 85' lang='lat' dir='ltr'>Quod</span> <span class='ocrx_word' id='word_1_247' title='bbox 1918 2252 1987 2301; x_wconf 80' lang='lat' dir='ltr'>ita</span> 
     </span>
     <span class='ocr_line' id='line_1_28' title="bbox 89 2329 1988 2399; baseline -0.003 -16"><span class='ocrx_word' id='word_1_248' title='bbox 89 2333 366 2398; x_wconf 71' lang='lat' dir='ltr'>Scriptura</span> <span class='ocrx_word' id='word_1_249' title='bbox 396 2336 612 2383; x_wconf 83' lang='lat' dir='ltr'>testatur</span> <span class='ocrx_word' id='word_1_250' title='bbox 628 2333 784 2383; x_wconf 84' lang='lat' dir='ltr'>Deut.</span> <span class='ocrx_word' id='word_1_251' title='bbox 807 2346 924 2399; x_wconf 81' lang='lat' dir='ltr'>cap.</span> <span class='ocrx_word' id='word_1_252' title='bbox 945 2332 1034 2385; x_wconf 83' lang='lat'>31.</span> <span class='ocrx_word' id='word_1_253' title='bbox 1062 2347 1197 2385; x_wconf 81' lang='lat' dir='ltr'>vers.</span> <span class='ocrx_word' id='word_1_254' title='bbox 1217 2334 1305 2387; x_wconf 79' lang='lat'>21.</span> <span class='ocrx_word' id='word_1_255' title='bbox 1322 2372 1336 2394; x_wconf 92' lang='lat'>‚</span> <span class='ocrx_word' id='word_1_256' title='bbox 1373 2332 1465 2385; x_wconf 86' lang='lat' dir='ltr'>ubi</span> <span class='ocrx_word' id='word_1_257' title='bbox 1484 2334 1627 2384; x_wconf 84' lang='lat' dir='ltr'>Deus</span> <span class='ocrx_word' id='word_1_258' title='bbox 1646 2329 1809 2391; x_wconf 74' lang='lat' dir='ltr'>Masi,</span> <span class='ocrx_word' id='word_1_259' title='bbox 1841 2336 1988 2394; x_wconf 86' lang='lat' dir='ltr'>post-</span> 
     </span>
     <span class='ocr_line' id='line_1_29' title="bbox 91 2405 1988 2476; baseline -0.004 -14"><span class='ocrx_word' id='word_1_260' title='bbox 91 2424 259 2475; x_wconf 85' lang='lat' dir='ltr'>quam</span> <span class='ocrx_word' id='word_1_261' title='bbox 289 2406 337 2459; x_wconf 84' lang='lat' dir='ltr'>ei</span> <span class='ocrx_word' id='word_1_262' title='bbox 369 2407 614 2473; x_wconf 73' lang='lat' dir='ltr'>praedixit</span> <span class='ocrx_word' id='word_1_263' title='bbox 643 2409 892 2475; x_wconf 81' lang='lat' dir='ltr'>populum</span> <span class='ocrx_word' id='word_1_264' title='bbox 919 2417 1038 2476; x_wconf 86' lang='lat' dir='ltr'>post</span> <span class='ocrx_word' id='word_1_265' title='bbox 1065 2412 1181 2461; x_wconf 84' lang='lat' dir='ltr'>eius</span> <span class='ocrx_word' id='word_1_266' title='bbox 1220 2418 1437 2462; x_wconf 85' lang='lat' dir='ltr'>mortem</span> <span class='ocrx_word' id='word_1_267' title='bbox 1468 2424 1495 2460; x_wconf 80' lang='lat' dir='ltr'>a</span> <span class='ocrx_word' id='word_1_268' title='bbox 1527 2408 1697 2459; x_wconf 85' lang='lat' dir='ltr'>divino</span> <span class='ocrx_word' id='word_1_269' title='bbox 1722 2405 1865 2456; x_wconf 87' lang='lat' dir='ltr'>cultu</span> <span class='ocrx_word' id='word_1_270' title='bbox 1894 2405 1988 2455; x_wconf 88' lang='lat' dir='ltr'>de-</span> 
     </span>
     <span class='ocr_line' id='line_1_30' title="bbox 93 2481 1987 2555; baseline -0.003 -18"><span class='ocrx_word' id='word_1_271' title='bbox 93 2489 392 2543; x_wconf 76' lang='lat' dir='ltr'>fecturum,</span> <span class='ocrx_word' id='word_1_272' title='bbox 428 2483 557 2536; x_wconf 82' lang='lat' dir='ltr'>haec</span> <span class='ocrx_word' id='word_1_273' title='bbox 593 2486 692 2537; x_wconf 81' lang='lat' dir='ltr'>ait:</span> <span class='ocrx_word' id='word_1_274' title='bbox 729 2485 874 2538; x_wconf 83' lang='lat' dir='ltr'>Novi</span> <span class='ocrx_word' id='word_1_275' title='bbox 904 2490 1044 2538; x_wconf 76' lang='lat' dir='ltr'>enim</span> <span class='ocrx_word' id='word_1_276' title='bbox 1079 2489 1247 2555; x_wconf 70' lang='lat' dir='ltr'>ipsine</span> <span class='ocrx_word' id='word_1_277' title='bbox 1282 2490 1575 2554; x_wconf 75' lang='lat' dir='ltr'>appetitum</span> <span class='ocrx_word' id='word_1_278' title='bbox 1603 2488 1657 2534; x_wconf 81' lang='lat' dir='ltr'>et</span> <span class='ocrx_word' id='word_1_279' title='bbox 1680 2482 1813 2550; x_wconf 76' lang='lat' dir='ltr'>quid</span> <span class='ocrx_word' id='word_1_280' title='bbox 1833 2481 1987 2532; x_wconf 77' lang='lat' dir='ltr'>hodie</span> 
     </span>
     <span class='ocr_line' id='line_1_31' title="bbox 91 2561 1991 2625; baseline -0.004 -10"><span class='ocrx_word' id='word_1_281' title='bbox 91 2564 467 2624; x_wconf 74' lang='lat' dir='ltr'>machinatur,</span> <span class='ocrx_word' id='word_1_282' title='bbox 507 2561 630 2613; x_wconf 79' lang='lat' dir='ltr'>dum</span> <span class='ocrx_word' id='word_1_283' title='bbox 655 2562 883 2615; x_wconf 81' lang='lat' dir='ltr'>nondum</span> <span class='ocrx_word' id='word_1_284' title='bbox 909 2565 1127 2615; x_wconf 81' lang='lat' dir='ltr'>eundem</span> <span class='ocrx_word' id='word_1_285' title='bbox 1154 2564 1361 2615; x_wconf 66' lang='lat' dir='ltr'>duxero</span> <span class='ocrx_word' id='word_1_286' title='bbox 1380 2564 1452 2615; x_wconf 77' lang='lat' dir='ltr'>ad</span> <span class='ocrx_word' id='word_1_287' title='bbox 1467 2568 1666 2613; x_wconf 75' lang='lat' dir='ltr'>terram</span> <span class='ocrx_word' id='word_1_288' title='bbox 1679 2598 1693 2622; x_wconf 87' lang='lat'>‚</span> <span class='ocrx_word' id='word_1_289' title='bbox 1731 2574 1891 2625; x_wconf 76' lang='lat' dir='ltr'>quam</span> <span class='ocrx_word' id='word_1_290' title='bbox 1909 2561 1991 2607; x_wconf 78' lang='lat' dir='ltr'>iu-</span> 
     </span>
     <span class='ocr_line' id='line_1_32' title="bbox 93 2635 1990 2709; baseline -0.004 -17"><span class='ocrx_word' id='word_1_291' title='bbox 93 2642 242 2692; x_wconf 83' lang='lat' dir='ltr'>ravi.</span> <span class='ocrx_word' id='word_1_292' title='bbox 318 2638 384 2689; x_wconf 85' lang='lat' dir='ltr'>Et</span> <span class='ocrx_word' id='word_1_293' title='bbox 411 2637 562 2703; x_wconf 85' lang='lat' dir='ltr'>paulo</span> <span class='ocrx_word' id='word_1_294' title='bbox 587 2647 706 2707; x_wconf 84' lang='lat' dir='ltr'>post</span> <span class='ocrx_word' id='word_1_295' title='bbox 724 2641 899 2693; x_wconf 79' lang='lat' dir='ltr'>Moses</span> <span class='ocrx_word' id='word_1_296' title='bbox 921 2641 1020 2706; x_wconf 87' lang='lat' dir='ltr'>ipsi</span> <span class='ocrx_word' id='word_1_297' title='bbox 1041 2642 1233 2709; x_wconf 84' lang='lat' dir='ltr'>populo</span> <span class='ocrx_word' id='word_1_298' title='bbox 1250 2642 1331 2707; x_wconf 80' lang='lat'>²)=</span> <span class='ocrx_word' id='word_1_299' title='bbox 1374 2639 1514 2692; x_wconf 85' lang='lat' dir='ltr'>Nam</span> <span class='ocrx_word' id='word_1_300' title='bbox 1541 2654 1643 2705; x_wconf 80' lang='lat' dir='ltr'>ego</span> <span class='ocrx_word' id='word_1_301' title='bbox 1668 2637 1793 2689; x_wconf 77' lang='lat' dir='ltr'>novi</span> <span class='ocrx_word' id='word_1_302' title='bbox 1816 2635 1990 2686; x_wconf 74' lang='lat' dir='ltr'>rebel-</span> 
     </span>
     <span class='ocr_line' id='line_1_33' title="bbox 97 2716 1989 2783; baseline -0.003 -14"><span class='ocrx_word' id='word_1_303' title='bbox 97 2719 304 2769; x_wconf 71' lang='lat' dir='ltr'>tionem</span> <span class='ocrx_word' id='word_1_304' title='bbox 321 2720 470 2767; x_wconf 75' lang='lat' dir='ltr'>tuam</span> <span class='ocrx_word' id='word_1_305' title='bbox 485 2720 539 2767; x_wconf 78' lang='lat' dir='ltr'>et</span> <span class='ocrx_word' id='word_1_306' title='bbox 553 2720 939 2769; x_wconf 78' lang='lat' dir='ltr'>contumaciam</span> <span class='ocrx_word' id='word_1_307' title='bbox 959 2722 1125 2769; x_wconf 77' lang='lat' dir='ltr'>tuam.</span> <span class='ocrx_word' id='word_1_308' title='bbox 1198 2718 1277 2780; x_wconf 75' lang='lat' dir='ltr'>Si,</span> <span class='ocrx_word' id='word_1_309' title='bbox 1308 2718 1431 2768; x_wconf 73' lang='lat' dir='ltr'>dum</span> <span class='ocrx_word' id='word_1_310' title='bbox 1450 2733 1551 2783; x_wconf 79' lang='lat' dir='ltr'>ego</span> <span class='ocrx_word' id='word_1_311' title='bbox 1570 2716 1837 2766; x_wconf 71' lang='lat' dir='ltr'>vobiscum</span> <span class='ocrx_word' id='word_1_312' title='bbox 1853 2716 1989 2776; x_wconf 71' lang='lat' dir='ltr'>vixi,</span> 
     </span>
     <span class='ocr_line' id='line_1_34' title="bbox 98 2792 1991 2860; baseline -0.003 -14"><span class='ocrx_word' id='word_1_313' title='bbox 98 2792 328 2846; x_wconf 76' lang='lat' dir='ltr'>rebelles</span> <span class='ocrx_word' id='word_1_314' title='bbox 347 2792 548 2858; x_wconf 70' lang='lat' dir='ltr'>fuistis</span> <span class='ocrx_word' id='word_1_315' title='bbox 584 2798 769 2844; x_wconf 78' lang='lat' dir='ltr'>contra</span> <span class='ocrx_word' id='word_1_316' title='bbox 803 2794 1005 2858; x_wconf 77' lang='lat' dir='ltr'>Deum5</span> <span class='ocrx_word' id='word_1_317' title='bbox 1039 2796 1206 2847; x_wconf 78' lang='lat' dir='ltr'>multo</span> <span class='ocrx_word' id='word_1_318' title='bbox 1242 2796 1419 2860; x_wconf 71' lang='lat' dir='ltr'>magis</span> <span class='ocrx_word' id='word_1_319' title='bbox 1446 2797 1601 2845; x_wconf 51' lang='lat' dir='ltr'>evitis</span> <span class='ocrx_word' id='word_1_320' title='bbox 1621 2797 1747 2859; x_wconf 71' lang='lat' dir='ltr'>post</span> <span class='ocrx_word' id='word_1_321' title='bbox 1769 2794 1991 2841; x_wconf 79' lang='lat' dir='ltr'>mortem</span> 
     </span>
     <span class='ocr_line' id='line_1_35' title="bbox 99 2868 1991 2938; baseline -0.003 -15"><span class='ocrx_word' id='word_1_322' title='bbox 99 2872 314 2923; x_wconf 84' lang='lat' dir='ltr'>meam!</span> <span class='ocrx_word' id='word_1_323' title='bbox 385 2871 500 2923; x_wconf 87' lang='grc'><strong>106.</strong></span> <span class='ocrx_word' id='word_1_324' title='bbox 548 2871 614 2921; x_wconf 90' lang='lat' dir='ltr'>Et</span> <span class='ocrx_word' id='word_1_325' title='bbox 662 2885 830 2923; x_wconf 82' lang='lat' dir='ltr'>revera</span> <span class='ocrx_word' id='word_1_326' title='bbox 879 2873 957 2924; x_wconf 87' lang='lat' dir='ltr'>sic</span> <span class='ocrx_word' id='word_1_327' title='bbox 993 2873 1143 2923; x_wconf 85' lang='lat' dir='ltr'>etiam</span> <span class='ocrx_word' id='word_1_328' title='bbox 1178 2872 1419 2938; x_wconf 79' lang='lat' dir='ltr'>contigit,</span> <span class='ocrx_word' id='word_1_329' title='bbox 1468 2878 1525 2923; x_wconf 90' lang='lat' dir='ltr'>ut</span> <span class='ocrx_word' id='word_1_330' title='bbox 1560 2879 1763 2923; x_wconf 87' lang='lat' dir='ltr'>notum.</span> <span class='ocrx_word' id='word_1_331' title='bbox 1845 2868 1991 2919; x_wconf 89' lang='lat' dir='ltr'>Unde</span> 
     </span>
    </p>
   </div>
   <div class='ocr_carea' id='block_1_5' title="bbox 107 2992 453 3006">
    <p class='ocr_par' dir='ltr' id='par_1_5' title="bbox 107 2992 453 3006">
     <span class='ocr_line' id='line_1_36' title="bbox 107 2992 453 3006; baseline 0 469"><span class='ocrx_word' id='word_1_332' title='bbox 107 2992 453 3006; x_wconf 95' lang='lat' dir='ltr'> </span> 
     </span>
    </p>
   </div>
   <div class='ocr_carea' id='block_1_6' title="bbox 215 3055 762 3174">
    <p class='ocr_par' dir='ltr' id='par_1_6' title="bbox 215 3055 762 3174">
     <span class='ocr_line' id='line_1_37' title="bbox 217 3055 762 3113; baseline 0.009 -15"><span class='ocrx_word' id='word_1_333' title='bbox 217 3058 258 3108; x_wconf 85' lang='lat' dir='ltr'>t)</span> <span class='ocrx_word' id='word_1_334' title='bbox 286 3055 388 3099; x_wconf 82' lang='lat' dir='ltr'>Vid.</span> <span class='ocrx_word' id='word_1_335' title='bbox 411 3056 548 3101; x_wconf 85' lang='lat' dir='ltr'>Num.</span> <span class='ocrx_word' id='word_1_336' title='bbox 571 3068 674 3113; x_wconf 82' lang='lat' dir='ltr'>cap.</span> <span class='ocrx_word' id='word_1_337' title='bbox 697 3058 762 3103; x_wconf 72' lang='lat'>16.</span> 
     </span>
     <span class='ocr_line' id='line_1_38' title="bbox 215 3117 652 3174; baseline -0.002 -15"><span class='ocrx_word' id='word_1_338' title='bbox 215 3120 260 3169; x_wconf 79' lang='lat'>2)</span> <span class='ocrx_word' id='word_1_339' title='bbox 291 3117 479 3162; x_wconf 81' lang='lat' dir='ltr'>Denter.</span> <span class='ocrx_word' id='word_1_340' title='bbox 497 3119 565 3174; x_wconf 79' lang='lat'>31,</span> <span class='ocrx_word' id='word_1_341' title='bbox 585 3120 652 3159; x_wconf 74' lang='grc'>21.</span> 
     </span>
    </p>
   </div>
   <div class='ocr_carea' id='block_1_7' title="bbox 181 3188 1565 3259">
    <p class='ocr_par' dir='ltr' id='par_1_7' title="bbox 181 3188 1565 3259">
     <span class='ocr_line' id='line_1_39' title="bbox 181 3188 1565 3259; baseline -0.003 -16"><span class='ocrx_word' id='word_1_342' title='bbox 181 3189 413 3259; x_wconf 74' lang='lat' dir='ltr'>Spinoza</span> <span class='ocrx_word' id='word_1_343' title='bbox 448 3190 541 3239; x_wconf 88' lang='lat'>111.</span> <span class='ocrx_word' id='word_1_344' title='bbox 1502 3188 1565 3241; x_wconf 71' lang='lat'>1⁶</span> 
     </span>
    </p>
   </div>
   <div class='ocr_carea' id='block_1_8' title="bbox 523 3350 554 3363">
    <p class='ocr_par' dir='ltr' id='par_1_8' title="bbox 523 3350 554 3363">
     <span class='ocr_line' id='line_1_40' title="bbox 523 3350 554 3363; baseline 0 0"><span class='ocrx_word' id='word_1_345' title='bbox 523 3350 554 3363; x_wconf 43' lang='lat' dir='ltr'>N</span> 
     </span>
    </p>
   </div>
  </div>
 </body>
</html>
