2350 3475
886 114 1023 159 can.
1076 113 1143 158 x.
1843 113 1962 171 157

83 290 367 345 revertitur.
436 290 574 343 Nam
594 289 921 354 coniunctio,
959 304 1061 357 qna
1086 289 1216 341 iilud
1243 294 1396 357 capnt
1419 289 1626 357 incipit,
1667 292 1732 343 ad
1761 306 1810 344 v.
1835 293 1886 345 8.
1907 295 1960 345 9.

82 375 129 419 et
146 370 229 422 to.
248 370 411 421 huius
426 367 675 429 referturg
713 374 867 433 atque
886 376 997 421 tum
1018 369 1169 434 longe
1189 368 1334 420 aliter
1351 366 1586 419 ultimam
1603 370 1849 421 lere-iae
1867 383 1964 437 ap-

82 446 478 512 prehensionem
508 444 757 496 describit
782 452 833 497 et
858 459 1069 498 causam
1106 445 1384 497 diuturnae
1417 445 1533 496 eius
1559 445 1870 498 detentionis
1903 450 1960 497 in

82 526 203 577 atrio
222 522 493 575 custodiae
512 522 664 589 longe
682 522 835 574 eiiam
854 524 1025 587 tradit,
1050 538 1206 589 quam
1227 523 1430 589 quaein
1453 536 1566 589 cap.
1591 522 1678 575 3⁷.
1697 531 1956 583 narratur3

82 607 137 651 ut
162 601 300 653 clare
329 600 535 663 videas,
573 598 701 651 haec
736 601 907 651 omnia
942 614 1001 651 ex
1038 601 1254 652 diversis
1273 600 1552 651 historicis
1579 613 1698 651 esse
1731 599 1960 659 collecta,

22 708 27 729 ι
83 692 177 729 nec
192 678 301 731 nile
318 678 424 730 alia
444 677 641 729 ratione
670 677 899 729 excusari
928 690 1103 743 posse.
1180 677 1262 729 11.
1285 669 1372 728 ’Δί
1399 676 1626 743 reliquae
1645 676 1961 745 prophetiae,

83 756 287 820 quaein
306 754 525 821 reliquis
546 753 803 820 capitibus
822 755 1169 817 continentur,
1209 752 1302 806 nbi
1321 755 1566 805 Ieremias
1580 754 1638 804 in
1657 755 1822 820 prima
1843 768 1966 820 per-

23 880 25 885 .
82 844 207 883 sona
235 831 502 898 loquitur,
543 846 600 883 ex
628 830 917 893 volumine,
958 831 1095 897 quod
1124 829 1328 883 Barnch
1356 831 1472 898 ipso
1501 831 1716 885 Ieremia
1743 830 1966 883 dictante

23 920 25 925 ’
82 909 320 977 scripsit,
360 907 646 975 descriptae
672 907 929 960 videntur.
1001 908 1059 959 Id
1089 909 1344 975 enim‘(ut
1371 922 1430 959 ex
1447 920 1562 975 cap.
1583 908 1670 962 30.
1689 922 1741 962 v.
1761 910 1816 959 ⁴2.
1837 921 1968 959 con-

82 991 203 1052 stat)
224 1001 286 1037 ea
305 992 509 1037 tantum
530 984 851 1048 continebat,
890 999 1026 1052 quae
1045 985 1166 1038 huic
1185 985 1463 1052 prophetae
1482 985 1699 1037 revelata
1717 984 1920 1037 fuerant
1937 998 1966 1033 a

84 1072 313 1131 tempore
330 1063 496 1114 losiae
515 1076 685 1128 nsque
702 1063 767 1113 ad
786 1077 981 1114 annum
1002 1070 1244 1130 quartum
1264 1062 1598 1123 lehoiakimig
1638 1075 1669 1113 a
1685 1075 1793 1127 qno
1811 1062 1964 1112 etiam
2005 1101 2008 1106 ,

83 1149 311 1207 tempore
340 1139 427 1191 hic
456 1138 587 1191 iiber
612 1140 809 1207 incipit.
882 1140 1083 1191 Deinde
1108 1154 1167 1191 ex
1195 1137 1378 1190 eodem
1405 1138 1666 1190 volumine
1691 1138 1846 1189 etiam
1873 1136 1968 1188 de·-

83 1220 273 1284 scripta
308 1216 573 1279 videntur,
612 1230 745 1283 quae
782 1215 1039 1268 hahentur
1070 1232 1129 1267 ex
1160 1230 1276 1281 cap.
1307 1217 1396 1267 45.
1432 1228 1566 1267 vers.
1603 1216 1658 1270 2.
1695 1228 1864 1281 usque
1901 1214 1966 1265 ad

85 1310 195 1362 cap.
220 1294 308 1347 51.
329 1307 469 1346 vers.
492 1294 579 1345 59.
655 1295 739 1347 12.
780 1294 933 1357 Quod
964 1301 1134 1345 autem
1154 1292 1452 1344 Ezechielis
1471 1291 1608 1343 liber
1623 1291 1968 1356 fragmentum

84 1374 237 1425 etiarn
254 1378 455 1424 tantum
474 1372 545 1422 sit
561 1409 575 1431 ,
613 1371 668 1423 id
688 1372 843 1437 primi
862 1372 975 1422 eius
992 1384 1175 1422 versus
1203 1369 1486 1421 clarissime
1513 1368 1762 1421 indicant.
1833 1368 1968 1429 Quis

84 1451 218 1501 enim
256 1462 363 1501 non
399 1448 543 1501 videt
578 1448 1025 1513 coniunctionem,
1066 1460 1169 1513 qua
1217 1446 1350 1498 liber
1381 1446 1589 1513 incipit,
1631 1444 1696 1496 ad
1729 1443 1826 1495 alia
1863 1445 1970 1495 iam

86 1526 217 1577 dicta
246 1524 425 1577 referri
452 1530 503 1576 et
530 1538 649 1577 cum
668 1526 735 1577 iis
755 1524 973 1577 dicenda
992 1518 1333 1575 connectere?
1399 1523 1474 1575 At
1487 1538 1594 1574 non
1615 1528 1816 1574 tantum
1835 1534 1968 1571 con·-

86 1604 281 1655 innctio
294 1638 313 1668 ,
354 1600 451 1653 sed
477 1606 619 1653 totns
648 1603 803 1655 etiam
824 1601 1071 1654 orationis
1090 1607 1358 1653 contextus
1375 1600 1472 1652 alia
1493 1601 1682 1668 scripta
1697 1597 1974 1665 supponi-tr

87 1680 164 1732 13.
202 1678 401 1733 Annus
420 1680 561 1730 enim
580 1680 902 1746 trigesimus,
942 1694 972 1730 a
990 1694 1097 1746 quo
1113 1678 1198 1729 hic
1215 1676 1346 1729 liber
1363 1678 1571 1746 incipit,
1603 1675 1828 1729 ostendit
1845 1688 1968 1743 pro·-

84 1758 291 1824 phetam
330 1757 387 1807 in
424 1758 679 1809 narrando
716 1771 952 1824 pergere,
994 1771 1098 1808 non
1135 1762 1309 1809 antem
1345 1757 1600 1823 incipere}
1639 1754 1778 1822 quod
1816 1754 1968 1805 etiarn

23 1867 25 1886 ;
84 1837 304 1902 scriptor
342 1835 457 1900 ipse
490 1847 583 1900 per
614 1834 945 1900 parenthesin
981 1847 1117 1886 vers.
1158 1834 1207 1885 3.
1247 1834 1324 1884 sic
1360 1839 1527 1901 notat:
1581 1833 1788 1883 Fuerat
1815 1846 1972 1897 caepe

84 1913 297 1963 ver-barm
316 1911 425 1961 Dei
446 1910 741 1976 Ezechieli,
766 1910 894 1977 filio
921 1910 1058 1962 Busa·
1070 1949 1083 1972 ‚
1123 1909 1392 1961 sacerdoti
1421 1913 1477 1960 in
1503 1914 1649 1960 terra
1677 1907 1973 1960 Chaldaeo-

82 2005 199 2040 mm
228 1993 369 2050 etc„
408 1987 559 2052 qnasi
588 1987 805 2050 diceret,
844 1986 997 2039 verba
1023 1986 1334 2049 EzechieliS‚
1379 2000 1510 2052 quae
1537 1985 1639 2036 huc
1673 1998 1842 2050 usque
1877 1984 1972 2034 de-

23 2085 25 2092 ·
86 2067 391 2132 scripserat,
428 2063 495 2114 ad
514 2063 609 2115 alia
630 2064 805 2115 referri
818 2103 833 2126 ,
866 2079 999 2130 quae
1019 2065 1119 2130 ipsi
1140 2070 1260 2114 ante
1280 2063 1416 2116 hunc
1435 2077 1629 2114 annum
1652 2061 1970 2127 trigesimum

84 2141 299 2194 revelata
330 2146 497 2192 erant.
566 2141 769 2192 Deinde
798 2141 1057 2208 Iosephus
1083 2140 1178 2191 lib.
1203 2141 1286 2192 10.
1315 2139 1535 2205 Antiqu.
1564 2153 1681 2206 cap.
1703 2139 1756 2190 9.
1777 2143 1966 2197 narrat,

86 2217 410 2271 Ezechielem
428 2217 745 2284 praedixisse
760 2256 775 2279 ,
799 2219 942 2283 quod
960 2217 1272 2270 Tsedeehias
1289 2215 1611 2268 Babiloniam
1629 2229 1734 2268 non
1753 2213 1968 2275 videret,

86 2296 225 2362 quod
244 2297 299 2346 in
320 2301 521 2357 nostro,
543 2309 698 2361 quem
720 2295 833 2345 eins
854 2294 1126 2357 hahemus,
1148 2293 1282 2345 libro
1301 2308 1406 2345 non
1427 2295 1634 2360 iegitur,
1655 2293 1750 2343 sed
1771 2297 1964 2351 contra,

85 2388 195 2439 cap.
218 2370 605 2434 scilicet17.¹),
636 2370 775 2438 quod
797 2370 1119 2423 Babiioniam
1138 2378 1324 2437 eaptus
1342 2371 1614 2422 duceretur
1626 2370 1700 2434 ²).
1774 2368 1857 2420 1⁴.
1896 2369 1972 2418 Be

86 2451 257 2501 Hoeea
286 2462 395 2499 non
424 2458 561 2500 certo
590 2448 761 2499 dicere
789 2463 1103 2514 possumus,
1144 2448 1286 2514 quod
1315 2447 1462 2515 piura
1481 2445 1772 2512 scripserit,
1809 2458 1968 2510 quam

88 2527 297 2592 quaein
328 2523 463 2576 libro
478 2561 491 2585 ,
531 2525 619 2591 qui
640 2525 754 2576 eius
774 2525 990 2588 dicitur,
1021 2526 1367 2576 continentur.
1439 2525 1680 2576 Attamen
1701 2522 1860 2572 miror
1875 2534 1972 2572 nos

88 2606 198 2654 eius
226 2602 383 2669 plura
410 2615 513 2653 non
543 2600 757 2664 hahere,
798 2603 890 2668 qui
926 2616 985 2652 ex
1020 2603 1320 2654 testimonio
1357 2601 1620 2667 scriptoris
1657 2597 1778 2664 pius
1814 2613 1972 2664 qnam

88 2681 348 2746 octoginta
379 2684 603 2744 quatuor
628 2692 793 2729 annos
821 2678 1159 2745 prophetavit.
1234 2679 1319 2731 15.
1356 2679 1471 2728 Hoc
1498 2675 1678 2726 saltem
1709 2677 1760 2726 in
1789 2690 1974 2740 genere

88 2759 315 2818 scimus,
361 2755 547 2806 horum
576 2753 825 2807 librorum
846 2755 1121 2822 scriptores
1141 2769 1312 2821 neque
1331 2753 1562 2806 omnium
1583 2751 1970 2820 prophetarum.

185 2893 229 2944 1)
266 2889 370 2934 vid.
390 2888 562 2935 Ezech.
583 2890 651 2946 ss,
670 2891 737 2934 12.
758 2891 823 2934 1⁶.
843 2891 911 2932 2⁰.

185 2961 233 3011 2)
269 2957 427 3015 Atque
446 2957 565 3001 adeo
583 2957 814 3014 suspicari
833 2959 1063 3014 potuisset
1091 2970 1256 3012 nemo,
1295 2957 1396 3002 eius
1426 2955 1720 3013 prophetiam
1742 2939 1972 2999 Ieremias

91 3017 403 3072 praedictioni
448 3017 769 3062 contradicere
789 3050 803 3074 ,
858 3024 911 3063 ut
952 3030 1009 3063 ex
1054 3017 1241 3074 losephi
1283 3018 1553 3062 narratione
1597 3015 1821 3071 suspicati
1865 3017 1976 3057 sunt

92 3089 281 3132 omnes:
314 3077 464 3122 donec
482 3087 539 3122 ex
556 3077 623 3122 rei
645 3083 811 3122 eventu
831 3077 998 3124 ambos
1018 3089 1124 3124 vera
1144 3077 1433 3134 praedixisse
1453 3079 1783 3133 cognoverunt.
1841 3069 1928 3126 Sp.
