2350 3475
383 117 466 179 80
774 123 1161 171 ΤηΑοΤΑΤΠΒ
1199 119 1857 170 ΤΗΕοιοοιοο-Ροιῐτ.

383 315 486 353 non
505 315 566 354 ex
583 303 880 356 auctoritate
899 303 1135 363 alterius,
1173 301 1269 354 sed
1295 317 1354 353 ex
1371 302 1692 369 propriosne
1710 314 1967 352 consensu
1990 299 2111 366 agit.
2190 300 2267 352 Ar

381 385 554 431 contra
593 381 802 442 accidit,
851 379 940 432 ubi
979 395 1116 431 unus
1154 379 1300 431 solus
1335 379 1611 446 imperium
1649 379 1885 430 absolute
1926 385 2088 437 tenen
2140 393 2267 428 nam

383 471 564 509 omnes
601 473 660 509 ex
695 457 804 509 sola
849 457 1144 508 auctoritate
1181 456 1338 508 nnius
1374 457 1611 509 mandata
1646 457 1847 522 imperii
1884 462 2265 520 exsequuntur,
2340 505 2342 516 ,

383 533 641 599 adeoque,
682 534 786 585 nisi
813 535 883 584 ita
912 532 978 584 ab
1005 534 1152 585 initio
1181 533 1382 585 educati
1410 532 1624 596 suerint,
1664 541 1723 584 ut
1750 532 1814 585 ab
1840 547 1928 583 ore
1956 533 2268 598 imperantis

381 611 654 676 pendeant,
699 609 902 662 difficile
921 612 969 662 is
987 611 1190 677 poterit,
1229 610 1318 661 ubi
1340 625 1472 676 opus
1492 611 1616 673 erit,
1655 624 1813 662 novas
1832 609 1970 674 leges
1990 609 2268 660 instituere

381 693 432 738 et
450 687 735 738 libertatem
755 687 912 739 semel
934 701 1235 739 concessam
1257 687 1447 754 populo
1467 686 1711 740 adimere.

481 764 569 818 26.
625 764 721 814 His
756 763 833 815 sic
871 765 1223 816 universaliter
1256 763 1589 816 consideratis
1628 765 1692 816 ad
1731 763 2084 816 Hebraeorum
2121 777 2267 812 rem-

381 838 639 908 publicam
678 839 1076 892 descendamuS.
1147 842 1217 891 Hi
1256 855 1418 907 quum
1457 843 1681 907 primum
1710 840 1943 907 Aegypto
1981 841 2258 900 exiverunt,

381 915 524 968 nullo
553 917 764 968 alterius
793 919 1016 968 nationis
1043 919 1152 969 iure
1180 918 1403 983 amplius
1430 917 1761 983 tenebantur,
1802 916 2032 982 adeoque
2052 917 2116 966 iis
2137 916 2267 967 lice-

379 993 492 1055 bat,
535 1005 692 1045 novas
709 995 846 1059 leges
865 995 928 1046 ad
951 994 1154 1046 libitum
1174 997 1374 1046 sancire
1392 995 1501 1046 sive
1530 1009 1659 1046 nova
1686 997 1797 1046 iura
1832 995 2172 1055 constituere,
2210 1000 2269 1043 et
2334 976 2345 1091 J

381 1071 684 1137 imperinm,
733 1072 1033 1138 ubicunque
1069 1073 1297 1123 locorum
1334 1071 1545 1133 vellent,
1602 1078 1654 1122 et
1690 1085 1821 1137 quas
1858 1078 2017 1122 terras
2054 1070 2263 1128 vellent,

381 1160 650 1214 occupare.
721 1148 811 1202 2⁷.
848 1148 1092 1200 Attamen
1110 1149 1175 1199 ad
1194 1148 1317 1199 nibil
1338 1149 1511 1200 minus
1540 1154 1685 1199 erant
1709 1149 1841 1213 apti,
1881 1162 2037 1213 quam
2065 1147 2129 1197 ad
2150 1147 2267 1198 iura

381 1225 641 1291 sapienter
659 1225 1078 1277 constituendum
1099 1231 1150 1276 et
1167 1226 1441 1292 imperium
1464 1239 1622 1291 penes
1642 1239 1757 1280 sese
1784 1222 2111 1288 collegialiter
2136 1224 2267 1274 reti-
2343 1261 2344 1272 ,

381 1302 640 1361 nendum;
683 1302 829 1353 rudis
859 1302 962 1354 iere
987 1303 1180 1369 ingenii
1212 1317 1393 1354 omnes
1417 1309 1563 1354 erant
1589 1309 1642 1353 et
1666 1303 1853 1353 misera
1873 1302 2115 1353 servitute
2134 1315 2268 1351 con-

381 1377 522 1430 fecti.
593 1379 874 1444 Imperium
903 1380 1056 1444 igitur
1082 1393 1245 1445 penes
1270 1394 1435 1430 unum
1465 1385 1665 1432 tantum
1694 1392 1899 1430 manere
1924 1377 2130 1439 debuit,
2172 1379 2265 1443 qui

382 1456 566 1507 ceteris
587 1456 860 1522 imperaret
876 1470 1072 1522 eosque
1092 1458 1138 1509 vi
1160 1464 1386 1522 cogeret,
1424 1457 1580 1522 etqui
1601 1455 1823 1521 denique
1842 1455 1981 1519 leges
2001 1455 2267 1520 praescri-

376 1525 526 1584 beret
553 1540 604 1582 et
630 1533 682 1581 in
701 1539 966 1598 posterum
995 1547 1084 1584 eas
1109 1534 1545 1599 interpretaretur.
1616 1534 1703 1588 28.
1740 1533 1853 1585 Hoc
1883 1538 2053 1582 autem
2092 1532 2269 1598 impe-

381 1610 517 1659 rium
536 1608 712 1659 Moses
734 1607 880 1659 facile
901 1609 1116 1660 retinere
1136 1611 1328 1674 potuit,
1359 1611 1477 1675 quia
1498 1609 1665 1661 divina
1687 1611 1869 1661 virtute
1888 1621 2043 1676 supra
2064 1613 2266 1658 ceteros

383 1681 658 1737 excellebat
675 1692 723 1734 et
741 1698 798 1735 se
817 1698 931 1737 eam
952 1683 1139 1737 babere
1168 1685 1359 1753 populo
1389 1687 1675 1752 persuasit,
1715 1686 1996 1753 multisque
2024 1685 2268 1737 testimo-

382 1762 485 1812 niis
505 1761 747 1812 ostendit.
803 1762 934 1813 Vide
954 1761 1114 1813 Exodi
1136 1777 1250 1829 cap.
1277 1764 1359 1815 14.
1379 1778 1513 1815 vers.
1534 1764 1717 1815 ultimo
1736 1771 1787 1815 et
1804 1778 1920 1831 cap.
1946 1764 2025 1815 19.
2052 1776 2183 1813 vers,
2206 1763 2265 1812 9.

381 1839 434 1888 Is
463 1838 639 1903 itaque
667 1839 875 1902 virtute,
915 1853 1018 1905 qua
1048 1838 1272 1904 pollebat
1298 1840 1495 1901 divina,
1536 1842 1646 1892 iura
1684 1840 1950 1893 constituit
1982 1846 2032 1891 et
2068 1839 2267 1904 populo

383 1915 732 1981 praescripsit.
802 1914 876 1965 At
910 1916 962 1966 in
998 1916 1063 1966 iis
1099 1930 1359 1968 summam
1385 1930 1559 1969 curam
1585 1918 1771 1982 gessit,
1809 1924 1867 1969 ut
1890 1916 2119 1984 populus
2156 1930 2264 1965 non

381 2000 486 2043 tam
507 1999 647 2043 metu
664 2030 679 2052 ,
720 2006 874 2057 quam
895 1998 1078 2058 sponte
1096 2007 1253 2044 suum
1272 1992 1492 2045 officium
1514 1993 1725 2053 facerem
1766 1994 1830 2045 ad
1848 1993 1989 2058 quod
2008 1992 2135 2043 baec
2155 1991 2265 2041 duo

383 2083 504 2119 eum
533 2068 752 2119 maxime
781 2067 1061 2133 cogebant,
1103 2068 1281 2137 populi
1301 2070 1495 2122 scilicet
1515 2072 1778 2136 ingenium
1797 2076 2069 2122 contumax
2090 2067 2265 2135 (qnod

384 2144 494 2196 sola
519 2146 567 2196 vi
596 2145 708 2211 cogi
743 2158 846 2195 non
875 2146 1092 2213 patitur)
1119 2153 1171 2199 et
1198 2148 1399 2197 instans
1425 2147 1617 2199 bellum
1631 2184 1648 2211 ,
1674 2146 1796 2209 ubi,
1836 2154 1893 2198 ut
1914 2161 1995 2199 res
2014 2158 2265 2211 prospere

382 2221 592 2285 cedant,
635 2222 822 2273 milltes
853 2224 1014 2287 magis
1033 2222 1253 2286 hortari,
1289 2237 1443 2290 quam
1462 2225 1647 2290 poenis
1667 2232 1716 2275 et
1736 2224 1893 2275 minis
1912 2224 2139 2274 territare
2159 2236 2265 2273 ne-

381 2312 527 2351 cesse
545 2306 652 2358 esu
687 2298 766 2350 sic
793 2300 930 2350 enim
957 2302 1321 2366 unusquisque
1348 2302 1510 2367 magis
1530 2300 1707 2352 studet
1723 2302 1905 2351 virtute
1923 2306 1974 2351 et
1993 2299 2267 2365 magnoni·
2344 2334 2346 2359 ,

383 2376 559 2426 mitate
587 2376 744 2427 animi
771 2375 984 2438 clarere,
1027 2390 1181 2441 quam
1208 2377 1521 2444 supplicium
1552 2383 1747 2427 tantum
1778 2378 1953 2429 vitare.
2024 2376 2113 2429 29.
2151 2377 2265 2426 Hac
2344 2440 2346 2451 ἒ

382 2454 535 2518 igitur
563 2451 627 2503 de
655 2465 810 2503 causa
833 2453 1010 2506 Moses
1037 2454 1221 2505 virtute
1249 2462 1300 2505 et
1326 2454 1475 2505 iussu
1506 2453 1676 2504 divino
1705 2452 2003 2520 religionem
2031 2454 2085 2504 in
2122 2467 2267 2503 rem-
2344 2462 2346 2471 ·

384 2526 644 2595 publicam
665 2527 963 2591 introduxit,
985 2536 1042 2580 ut
1059 2529 1286 2596 populus
1305 2536 1532 2580 nontam
1554 2544 1611 2581 ex
1629 2536 1790 2592 metu,
1816 2544 1972 2597 quam
1996 2530 2265 2581 devotione

383 2620 540 2657 suum
561 2605 782 2657 officium
805 2604 1008 2656 faceret.
1079 2605 1277 2658 Deinde
1296 2620 1385 2657 eos
1405 2604 1668 2657 beneflciis
1687 2606 1955 2674 obligavit,
1987 2613 2037 2657 et
2063 2607 2262 2659 divini-

382 2690 466 2733 tus
487 2682 646 2733 multa
667 2682 718 2733 in
742 2681 974 2734 futurum
1005 2682 1268 2749 promisit,
1307 2696 1401 2733 nec
1429 2682 1569 2748 leges
1597 2682 1877 2735 admodum
1906 2697 2107 2735 severas
2136 2696 2267 2733 san-

384 2760 528 2819 civit,
567 2757 706 2824 quod
733 2760 1126 2825 unusquisque,
1167 2760 1257 2825 qui
1284 2759 1349 2809 iis
1378 2758 1605 2823 studuit,
1648 2759 1793 2811 facile
1824 2759 1975 2811 nobis
1994 2760 2263 2821 concedet,

383 2834 654 2901 praecipue
681 2836 726 2885 si
755 2835 820 2886 ad
849 2837 1289 2899 circumstantias,
1330 2849 1461 2900 quae
1484 2835 1550 2888 ad
1582 2836 1803 2902 aliquem
1832 2851 1977 2889 reum
2006 2836 2267 2888 damnan-
2344 2888 2346 2895 ,

383 2911 510 2962 dum
546 2909 964 2977 requirebantur,
1003 2912 1292 2965 attenderit.
1382 2912 1470 2965 30.
1505 2912 1741 2978 Denique
1778 2921 1836 2966 ut
1873 2913 2127 2980 populus,
2168 2915 2263 2979 qui

383 2988 468 3040 sui
493 2988 618 3039 iuris
639 3000 754 3040 esse
773 3003 878 3039 non
897 2994 1118 3055 poterat,
1155 2988 1221 3040 ab
1242 3003 1329 3041 ore
1356 2991 1655 3056 imperantis
1682 2990 1954 3058 penderet,
1992 2988 2128 3041 nibil
2157 2990 2262 3041 lio-

385 3062 614 3117 minibus
631 3064 830 3117 scilicet
849 3066 1076 3117 servituti
1094 3067 1317 3120 assuetis
1334 3066 1401 3118 ad
1417 3064 1621 3120 libitum
1639 3082 1789 3133 agere
1808 3069 2088 3129 concessit;
2128 3067 2263 3119 nibil
