2350 3475
911 123 1064 170 -οᾼΡ,
1117 123 1231 170 xx.
1884 115 2020 182 253

121 299 240 354 fleri
269 300 474 368 nequit,
513 305 574 354 nt
589 299 790 354 scilicet
811 301 1022 354 animus
1047 301 1265 356 alterius
1283 301 1413 354 iuris
1434 299 1671 356 absolute
1687 302 1787 365 σίας
1824 303 2022 374 quippe

124 393 289 432 nemo
310 379 396 431 ius
415 393 571 432 suum
593 379 826 432 naturale
839 418 854 442 ,
887 379 997 430 sive
1015 377 1313 432 facultatem
1331 393 1482 432 suam
1500 378 1663 433 libere
1684 381 2019 433 ratiocinandi

123 464 182 508 et
209 457 277 510 tle
296 455 455 509 rebus
475 456 894 523 quibuscumque
911 455 1179 509 iudicandi
1196 495 1209 521 ,
1246 457 1303 509 in
1324 457 1484 510 alium
1499 457 1781 510 transferre
1796 495 1809 519 ‚
1849 472 2022 524 neque

123 533 195 586 ad
225 533 283 586 id
311 535 424 601 cogi
444 539 634 602 potest.
708 535 760 586 3.
793 535 939 586 ¹Hinc
957 548 1080 600 ergo
1097 533 1183 598 fit,
1222 533 1427 586 utillud
1445 535 1720 602 imperium
1737 535 2019 587 violentum

127 609 411 674 habeatur,
451 610 593 678 quod
625 611 682 664 in
719 612 922 663 animos
957 617 1064 675 est,
1102 619 1154 664 et
1188 619 1247 664 ut
1270 626 1477 664 summa
1506 614 1750 665 maiestas
1778 609 2022 664 iniuriam

132 686 356 740 subditis
373 687 540 742 facere
553 727 570 752 ,
601 702 889 755 eorumque
909 688 993 741 ius
1012 703 1267 756 usurpare
1282 689 1543 752 videatur,
1584 689 1795 756 quando
1814 689 2024 741 unicui-

133 779 236 830 que
254 765 604 832 praescribere
619 765 756 829 vuit,
796 765 922 832 quid
943 773 1209 832 tamquam
1228 778 1405 819 verum
1425 766 1667 834 amplecti
1687 774 1738 820 et
1756 774 2021 834 tamquam

131 839 327 896 falmm
356 844 596 906 reiicere,
637 850 689 896 et
713 831 910 910 quibus
937 857 1088 910 porro
1119 842 1455 912 opinionibus
1472 846 1890 911 uniuscuiusque
1908 845 2025 896 ani-

132 932 259 970 mus
281 935 406 986 erga
436 922 606 973 Deum
635 919 915 975 devotione,
931 921 1125 972 moveri
1152 919 1357 973 debeat.
1428 922 1573 973 Haec
1600 923 1737 975 enim
1766 923 2025 975 uniuscu-

133 997 326 1062 iusque
345 997 476 1050 iuris
495 1004 642 1060 suut,
664 1012 770 1064 quo
789 1012 964 1060 nemo,
985 999 1083 1050 etsi
1102 997 1240 1061 velit,
1266 998 1447 1050 cedere
1466 1004 1657 1066 potest.
1728 1001 1783 1052 4.
1820 999 2022 1060 Fateor,

130 1071 387 1126 iudielum
405 1073 584 1127 multis
604 1081 655 1126 et
674 1089 838 1142 paene
857 1073 1254 1128 incredibilibus
1274 1073 1442 1126 modis
1461 1077 1823 1142 praeoccupari
1843 1090 2022 1143 posse,

131 1155 294 1215 atque
313 1150 407 1212 ita,
436 1158 519 1215 ut,
551 1153 786 1217 quamvis
806 1151 908 1204 sub
927 1152 1140 1204 alterius
1157 1153 1377 1219 imperio
1398 1151 1589 1204 directe
1608 1166 1712 1204 non
1731 1153 1826 1214 sit,
1850 1159 2023 1205 tamen

129 1225 202 1278 ab
223 1240 312 1279 ore
328 1225 538 1280 ‚alterius
559 1229 629 1280 ita
647 1229 884 1296 pendeat,
919 1237 977 1281 ut
995 1230 1179 1282 merito
1199 1237 1414 1281 eatenus
1435 1229 1547 1281 eius
1567 1228 1697 1280 iuris
1716 1226 1816 1280 dici
1837 1230 2021 1296 possit.

129 1304 331 1356 Verum
351 1304 597 1372 quicquid
613 1320 698 1357 ars
718 1306 884 1358 bacin
903 1321 959 1359 re
977 1313 1239 1374 praestare
1259 1305 1507 1374 potuerit,
1542 1319 1828 1370 numquam
1848 1309 2021 1357 tamen

129 1395 196 1432 eo
225 1389 522 1448 perventum
543 1389 648 1446 est,
689 1389 749 1436 ut
765 1382 1005 1436 homines
1023 1397 1278 1448 umquam
1298 1397 1402 1434 non
1421 1383 1797 1450 experirentur,
1828 1395 2024 1434 unum-

131 1472 400 1525 quemque
425 1473 518 1511 suo
541 1474 704 1513 sensu
733 1459 1025 1524 abundare,
1066 1468 1245 1526 totque
1259 1459 1517 1526 capitum,
1556 1473 1713 1525 quam
1734 1458 2023 1526 palatorum

133 1551 256 1588 esse
277 1535 593 1591 discrimina.
667 1539 718 1589 5.
758 1539 955 1602 Moses,
979 1539 1069 1604 qul
1091 1552 1197 1590 non
1216 1538 1357 1599 dolo,
1378 1535 1472 1589 sed
1492 1535 1660 1590 divina
1676 1537 1864 1589 virtute
1884 1534 2025 1588 iudi-

131 1614 276 1664 cium
321 1613 408 1664 sui
456 1614 631 1682 populi
676 1615 896 1666 maxime
939 1621 1424 1682 praeoccupaverat,
1466 1619 1649 1680 utpote
1686 1613 1780 1679 qui
1814 1611 2023 1665 divinus

131 1687 530 1743 credebatur'et
565 1689 736 1745 divino
771 1690 944 1744 afflatu
983 1693 1152 1745 dicere
1188 1699 1241 1745 et
1268 1691 1433 1744 facere
1462 1690 1666 1755 omnia,
1704 1690 1822 1743 eius
1852 1698 2023 1743 tamen

129 1782 372 1820 rumores
400 1774 453 1819 et
477 1768 714 1821 sinistras
739 1769 1184 1837 interpretationes
1214 1767 1391 1836 fugere
1423 1784 1525 1821 non
1553 1769 1751 1836 potuitx
1790 1774 1843 1819 et
1858 1766 2024 1819 multo

130 1844 313 1896 minus
333 1843 516 1911 reliqui
535 1846 858 1899 monarchae.
913 1848 982 1899 Et
999 1848 1045 1900 si
1063 1847 1160 1900 hoc
1182 1846 1354 1916 aliqua
1372 1846 1568 1901 ratione
1588 1852 1769 1913 posset
1794 1846 2020 1913 concipi,

132 1923 499 1988 conciperetur
525 1922 704 1975 saltem
730 1924 784 1975 in
811 1924 1140 1977 monarchico
1169 1924 1415 1993 imperio,
1454 1928 1508 1974 at
1535 1923 1749 1975 minime
1766 1924 1822 1975 in
1842 1922 2026 1974 demo-

129 1998 356 2061 cratico,
397 1999 538 2064 quod
573 2014 754 2052 omnes
785 2000 865 2053 vel
903 2016 1088 2067 magna
1128 2002 1309 2069 populi
1344 2015 1465 2069 pars
1494 2000 1827 2066 collegialiter
1856 2006 2022 2063 tenet3

127 2076 288 2127 cuius
305 2075 379 2127 rei
398 2090 607 2128 cansam
629 2075 871 2129 omuibus
890 2085 1063 2144 patere
1081 2078 1338 2130 existimo.

237 2152 291 2203 6.
332 2152 677 2215 Quantumvis
703 2155 857 2221 igitur
881 2168 1119 2205 summae
1147 2160 1433 2222 potestates
1451 2153 1538 2205 ius
1559 2151 1624 2204 ad
1642 2153 1815 2205 omnia
1838 2152 2023 2205 habere

125 2236 184 2283 ei.
208 2230 340 2281 iuris
369 2237 421 2281 et
445 2230 654 2297 pictatis
683 2232 984 2299 interpretes
1004 2231 1283 2283 credantur
1299 2264 1323 2294 ,-
1352 2241 1642 2297 numquam
1664 2236 1833 2281 tamen
1860 2228 2023 2281 facere

127 2312 395 2375 poterunt,
417 2321 482 2359 ne
497 2306 738 2361 homines
755 2307 1008 2360 iudicium
1032 2308 1096 2361 de
1114 2307 1275 2359 rebus
1296 2306 1715 2374 quibuscumque
1736 2320 1797 2357 ex
1814 2307 2025 2373 proprio

127 2398 234 2436 suo
269 2383 477 2448 ingenio
504 2383 696 2447 ferant,
735 2391 786 2437 et
811 2399 878 2437 ne
903 2392 1121 2437 eatenus
1150 2385 1247 2436 hoc
1272 2391 1363 2437 aut
1386 2384 1475 2436 illo
1506 2382 1691 2435 affectu
1718 2383 2021 2435 afficiantur.

125 2462 324 2513 Verum
347 2459 559 2526 quidem
579 2467 686 2521 est,
709 2474 798 2511 eas
813 2462 926 2513 iure
941 2476 1101 2529 posse
1119 2476 1331 2525 omnes,
1366 2462 1457 2528 qui
1479 2474 1597 2512 cum
1618 2459 1808 2512 iisdem
1830 2460 1883 2511 ln
1904 2474 2023 2510 om-

125 2535 294 2589 nihus
328 2535 564 2590 absolute
601 2552 706 2591 non
741 2538 1000 2601 sentiunt,
1040 2553 1134 2607 pro
1170 2538 1411 2590 hostibus
1452 2538 1664 2599 habere3
1706 2536 1798 2589 sed
1836 2550 1931 2588 nos
1960 2535 2024 2587 de

125 2616 366 2681 ipsarum
402 2614 516 2665 iure
549 2614 652 2665 lam
689 2630 794 2665 non
829 2614 1193 2681 disputamuS,
1229 2614 1323 2669 sed
1360 2615 1425 2665 de
1460 2629 1551 2677 eo,
1588 2614 1730 2681 quod
1756 2613 1883 2665 utile
1918 2619 2019 2665 est.

126 2692 188 2743 7.
225 2690 462 2742 Concedo
485 2691 642 2753 enim,
667 2691 876 2745 easdem
895 2693 1006 2744 iure
1025 2707 1181 2761 posse
1198 2692 1570 2743 violentissime
1590 2705 1800 2757 regnare
1820 2698 1869 2742 et
1888 2691 2022 2742 cives

125 2767 414 2819 levissimis
445 2766 510 2818 de
537 2768 715 2820 causis
741 2769 806 2819 ad
832 2782 1012 2821 necem
1041 2769 1253 2831 ducere3
1291 2776 1343 2820 at
1360 2782 1544 2821 omnes
1564 2768 1857 2834 negabunt,
1898 2767 2024 2819 haec

125 2844 273 2895 salvo
307 2856 465 2895 sanae
494 2844 705 2896 rationis
731 2844 920 2897 iudicio
948 2844 1059 2899 fieri
1085 2860 1261 2915 posse.
1334 2847 1444 2897 imo
1472 2846 1591 2912 quia
1619 2844 1744 2898 haec
1773 2859 1877 2897 non
1908 2846 2022 2898 sine

126 2934 319 2986 magno
355 2920 514 2972 totius
548 2920 757 2989 imperii
785 2922 1013 2989 pericqu
1041 2922 1209 2976 fecere
1236 2929 1461 2991 queunt,
1500 2937 1689 2989 negare
1720 2923 1874 2975 etiam
1903 2936 2024 2989 pos-

126 3011 348 3060 sumus,
405 2995 615 3049 easdem
658 2997 953 3052 absolutam
997 3000 1284 3067 potentiam
1321 2999 1386 3052 ad
1426 2999 1553 3053 haec
1598 3007 1650 3052 et
1694 2998 1883 3051 similia
1928 2997 2022 3049 ha-

126 3072 284 3139 bere,
331 3081 382 3127 et
417 3082 793 3141 consequenter
826 3088 996 3144 neque
1039 3078 1195 3132 etlam
1238 3076 1540 3131 absolutum
1585 3077 1701 3140 ius3
1756 3077 1842 3128 ius
1877 3076 2019 3129 enim
