2350 3475
941 38 1080 82 car».
1137 36 1205 82 11.
1303 0 1308 3 ’
1928 30 2009 93 39

124 215 256 267 inter
277 214 506 267 obscura
524 220 576 265 et
594 212 1003 281 impenetrabilia
1021 228 1213 280 ponere
1232 212 1383 275 licet,
1422 205 1509 265 aut
1540 212 1603 264 ad
1625 212 1829 265 libitum
1850 214 2017 267 inter-

124 293 356 370 pretari..
407 293 495 347 26.
533 292 608 343 Ex
625 306 704 358 gr.
727 290 855 341 nibil
874 292 926 343 in
947 292 1209 356 Scriptura
1228 290 1445 356 clai-lm,
1489 305 1647 357 qnam
1670 290 1811 357 quod
1838 291 2013 355 losua,

127 376 174 419 et
206 369 344 421 forte
381 370 538 420 etiam
576 375 779 431 auctor,
823 369 911 433 qui
948 369 1062 419 eius
1099 366 1369 441 historiam
1406 369 1641 434 scripsit,
1691 375 2035 434 putaverunt,

127 446 290 497 solem
307 446 508 499 circum
531 452 714 498 terram
739 445 930 497 moveri
945 484 960 506 ,
985 452 1170 496 terram
1194 451 1366 496 autem
1387 446 1681 510 quiescere,
1706 452 1757 495 et
1774 443 1913 509 quod
1938 445 2018 495 sol
2111 502 2115 505 q

126 537 218 588 per
243 523 457 589 aliquod
489 530 693 589 tempus
723 524 972 579 immotus
996 523 1137 573 stetit
1155 524 1225 585 ι).
1266 581 1272 586 ,
1297 522 1540 575 Attamen
1561 522 1740 584 multi,
1779 522 1899 586 quia
1918 535 2020 571 no-

127 600 241 651 lunt
275 598 558 653 concedere
598 600 652 649 in
691 599 850 651 coelis
880 598 1106 664 aliquam
1137 612 1293 665 posse
1320 598 1431 650 dari
1464 600 1799 651 mutationem
1818 634 1832 658 ‚
1869 596 2015 647 illum

129 674 296 729 locum
314 678 391 729 ita
411 676 692 743 explicant,
723 682 784 727 ut
801 675 931 727 nibil
951 675 1121 727 simile
1143 676 1311 727 dicere
1331 675 1587 738 videatur;
1629 677 1715 741 alli
1736 684 1908 726 autem
1929 674 2019 740 qui

132 754 318 807 rectius
345 752 702 820 philosophari
732 753 1050 816 didicerunt,
1090 754 1336 819 quonlam
1365 754 1661 820 intelligunt
1686 760 1871 803 terram
1901 766 2019 802 mo-

135 830 266 893 veri,
287 829 454 881 solem
475 837 648 881 contra
669 830 1065 895 quiesceresive
1087 832 1282 883 circum
1302 838 1489 882 terram
1510 846 1615 883 non
1636 830 2021 893 movet-usum-

133 909 228 957 mis
247 906 448 959 viribus
469 904 606 959 idem
627 920 688 959 ex
703 907 966 973 Scriptura
983 944 998 969 ‚
1031 908 1270 972 quamvis
1289 916 1461 976 aperte
1482 908 1788 960 reclamante
1805 946 1819 969 ,
1852 913 2022 957 extor-

131 998 285 1047 quere
323 991 602 1036 conantur:
642 998 774 1048 quos
811 998 938 1035 sane
973 985 1149 1035 miror.
1241 985 1329 1039 27.
1364 985 1477 1051 An,
1522 1000 1749 1052 quaeso,
1788 991 2023 1035 tenemur

131 1060 334 1111 credere
353 1098 368 1121 ,
408 1060 548 1126 quod
579 1061 730 1111 miles
749 1062 906 1112 Iosua
935 1062 1304 1114 astronomiam
1333 1058 1589 1115 callebat?
1624 1067 1676 1113 et
1702 1061 1842 1127 quod
1862 1061 2023 1114 mira-

130 1137 304 1188 culum
333 1136 385 1189 ei
415 1136 623 1189 revelari
656 1152 762 1189 non
792 1138 988 1204 potuit,
1029 1146 1120 1190 aut
1147 1139 1287 1204 quod
1316 1139 1402 1191 lux
1433 1140 1559 1191 solis
1589 1152 1690 1189 non
1712 1138 1882 1204 potnit
1900 1137 2021 1188 diu-

130 1214 328 1265 turnior
360 1213 510 1265 solito
537 1228 694 1280 supra
727 1214 1042 1267 horizontem
1071 1228 1218 1277 esse,
1258 1216 1363 1267 nisi
1382 1218 1537 1267 Iosua
1566 1217 1681 1267 eius
1699 1228 1908 1265 causam
1932 1214 2019 1261 in-

127 1285 414 1356 telligeret?
481 1291 611 1343 Mihi
638 1306 765 1343 sane
795 1298 1078 1357 utrumque
1107 1291 1387 1342 ridiculum
1424 1292 1653 1352 videtum
1695 1282 1827 1341 ma'lo
1864 1291 2021 1353 igitur

131 1374 302 1435 aperte
337 1367 506 1419 dicere
536 1369 742 1419 [osuam
775 1366 1110 1421 diuturnioris
1138 1368 1278 1419 illius
1299 1369 1428 1419 lucis
1448 1382 1659 1419 causam
1676 1374 1846 1419 veram
1869 1367 2019 1429 igno-

129 1444 320 1496 ravisse
335 1482 350 1505 ,
374 1458 600 1511 eumque
620 1460 932 1512 omnemque
951 1444 1157 1497 turbam
1171 1484 1186 1508 ,
1210 1459 1346 1512 quae
1364 1445 1554 1507 aderat,
1568 1438 2018 1509 ‘simul-putavisse

126 1521 290 1573 solem
329 1528 479 1573 motu
516 1522 700 1577 diurno
736 1524 868 1574 circa
905 1530 1091 1574 terram
1129 1524 1349 1585 moveri,
1390 1529 1439 1574 et
1469 1522 1557 1573 illo
1588 1522 1671 1574 die
1696 1516 2019 1585 'aliquamdiu

126 1599 364 1663 stetisse,
401 1597 559 1664 idque
577 1612 786 1651 causam
808 1599 1144 1651 diuturnioris
1164 1600 1306 1651 illius
1324 1599 1457 1651 lucis
1477 1597 1792 1661 cre-didisse,
1832 1609 1927 1646 nec
1954 1593 2020 1645 ad

125 1675 174 1724 id
199 1675 522 1738 attendisse,
545 1676 682 1742 quod
701 1690 762 1727 ex
779 1678 938 1731 nimia
959 1678 1152 1743 glacie,-
1185 1692 1319 1744 quae
1342 1684 1450 1727 tum
1472 1677 1717 1754 temporis
1739 1676 1791 1726 in
1812 1673 2021 1744 regione

20 1745 27 1768 ⁸
125 1754 258 1804 aeris
287 1743 404 1804 erat
433 1753 572 1820 (vide
587 1757 773 1806 losuae
791 1769 905 1822 cap.
929 1753 1014 1806 10.
1035 1771 1083 1807 v.
1109 1757 1193 1808 11.
1200 1756 1254 1822 ),
1295 1755 1529 1806 refractio
1550 1746 1700 1806 solito
1722 1753 1882 1804 maior
1902 1749 2021 1800 oriri

127 1831 384 1895 potuerit,
401 1831 482 1882 vel
503 1829 640 1882 aliud
661 1832 788 1898 quid
809 1831 998 1894 simile,
1021 1833 1196 1898 quod
1182 1847 1285 1884 iam
1305 1846 1407 1885 non
1428 1832 1763 1898 inquirimus.
1826 1828 1915 1883 28.
1936 1827 2022 1877 Sic

126 1909 279 1957 etiam
301 1907 497 1958 Esaiae
526 1909 730 1974 signum
761 1908 975 1960 umbrae
1005 1909 1325 1975 retrogradae
1352 1908 1419 1960 ad
1451 1909 1621 1974 ipsius
1649 1914 1856 1974 captum
1877 1919 2023 1956 reve·-

125 1984 286 2034 latum
309 1983 439 2046 ruit,
482 1999 666 2052 nempe
685 2000 777 2051 per
795 1984 1285 2058 retrogradationem
1306 1986 1431 2036 solis
1447 1987 1524 2054 ²).
1594 1985 1727 2038 Nam
1747 1984 1898 2035 etiam
1918 1997 2021 2050 pu-

125 2060 266 2112 tabat
285 2060 456 2112 solem
475 2063 684 2124 moveri,
709 2069 761 2112 et
779 2070 964 2113 terram
985 2063 1283 2128 quiescere3
1320 2070 1369 2114 et
1390 2063 1453 2114 de
1472 2060 1714 2127 parhellis
1736 2061 1862 2111 forte
1882 2073 2023 2109 nun-

125 2154 284 2216 qnam
307 2152 407 2189 nec
425 2153 519 2204 per
538 2140 800 2191 somnium
821 2140 1074 2205 cogitavit.
1148 2139 1304 2202 Quod
1333 2138 1483 2190 nobis
1514 2139 1627 2190 sine
1648 2137 1755 2188 ullo
1772 2135 2021 2201 scrupulo

125 2222 357 2267 statuere
385 2213 533 2277 licet3
572 2229 695 2268 nam
723 2217 932 2286 signum
961 2231 1131 2268 revera
1161 2216 1456 2282 contingere
1484 2221 1710 2282 poterat,
1750 2223 1799 2265 et
1826 2214 1933 2277 regi
1954 2210 2019 2261 ab

123 2294 281 2344 Esaia
313 2292 569 2359 praedici,
611 2293 846 2357 quamvis
879 2293 1124 2360 propheta
1152 2307 1322 2344 veram
1352 2294 1466 2343 eius
1496 2307 1708 2344 causam
1746 2291 2033 2355 ignoraret..

122 2371 211 2422 29.
249 2371 334 2420 De
354 2367 544 2421 fabrica
563 2368 854 2421 Salomonis
873 2408 886 2432 ,
920 2371 1180 2436 siquidem
1200 2370 1285 2421 illa
1307 2385 1335 2421 a
1356 2371 1465 2421 Deo
1486 2368 1705 2421 revelata
1722 2367 1846 2428 fuit,
1882 2365 2021 2417 idem

124 2450 284 2498 etiam
317 2445 628 2497 dicendum:
669 2461 856 2513 nempe
885 2447 1027 2512 quod
1059 2463 1240 2498 omnes
1259 2449 1371 2499 eius
1392 2461 1667 2498 mensurae
1684 2459 1776 2512 pro
1797 2451 1948 2510 captu
1970 2450 2022 2494 et

124 2522 468 2590 opinionibus
501 2523 796 2581 Salomonis
820 2524 866 2574 ei
897 2525 1141 2576 revelatae
1173 2525 1405 2585 fuerunt3
1435 2525 1571 2590 'quia
1592 2523 1729 2573 enim
1752 2537 1852 2572 non
1874 2529 2023 2571 tene-

125 2617 244 2656 mur
265 2600 476 2652 credere
495 2599 1264 2653 Salomonem'matbematicum
1285 2602 1466 2653 fuisse.
1538 2602 1681 2652 Licet
1709 2597 1861 2650 nobis
1882 2595 2023 2649 affir-

124 2693 268 2729 mare
285 2717 301 2740 ,
341 2691 462 2729 eum
484 2678 736 2729 rationem
757 2679 889 2729 inter
909 2679 1249 2746 peripheriam
1270 2685 1320 2730 et
1339 2678 1515 2730 circuli
1537 2677 1847 2728 diametrum
1868 2676 2021 2741 igno-

124 2758 324 2808 ravisse
338 2793 352 2818 ,
384 2761 572 2806 etcum
590 2756 742 2822 vulgo
763 2756 1114 2822 operariorum
1131 2757 1395 2822 putavisse
1416 2771 1529 2808 eam
1551 2769 1695 2816 esse,
1729 2761 1788 2806 ut
1807 2755 1860 2806 3.
1880 2753 1944 2804 ad
1968 2755 2016 2806 1.

226 2929 288 2987 θ’
311 2934 412 2984 Vid.
436 2941 529 2986 Ios.
551 2953 591 2986 e.
613 2943 679 2985 1⁰.
699 2953 742 2985 v.
763 2943 828 2983 12.
850 2909 952 2998 sqq.

221 3005 272 3055 2)
313 3001 413 3047 Vid.
436 3001 528 3046 les.
551 3013 592 3045 c·
610 3003 676 3044 38.
698 3014 740 3046 v.
761 3003 800 3043 8.
