2350 3475
889 159 1022 204 cas.
1079 159 1191 204 vn.
1864 157 1983 214 113

81 337 378 390 Hebraicae
413 337 662 403 integram
701 337 1046 402 cognitionem
1081 337 1251 402 exigit.
1323 334 1395 386 At
1428 334 1552 386 haec
1588 335 1725 388 unde
1752 337 1856 388 iam
1885 353 1985 404 pe-

81 411 285 468 tenda?
355 417 442 466 45.
480 413 696 480 Antiqui
734 413 938 482 linguae
963 413 1249 465 Hebraicae
1289 413 1510 464 cultores
1546 413 1672 465 nihil
1700 416 1984 480 posteritati

83 495 150 546 de
182 491 545 544 fundamentis
573 499 623 544 et
652 491 881 544 doctrina
901 491 1057 542 huius
1077 492 1281 558 linguae
1301 490 1645 556 reliquerunt;
1685 505 1781 542 nos
1802 492 1983 544 saltem

85 571 153 621 ab
186 571 380 622 iisdem
413 567 543 619 nihil
570 582 785 635 prorsus
804 567 1084 620 habemus:
1127 583 1233 619 non
1251 568 1418 620 ullum
1438 567 1796 618 dictionarium
1816 582 1985 634 neque

84 647 512 713 grammaticam,
551 660 720 712 neque
758 644 1078 698 rhetoricam.
1148 645 1388 696 Hebraea
1425 652 1597 697 antem
1636 646 1775 695 natio
1812 646 1985 696 omnia

87 730 395 774 ornamenta
415 737 675 788 omneque
695 723 854 774 decus
875 723 1098 790 perdidit
1117 726 1237 786 (nec
1257 723 1463 783 mirum,
1489 729 1764 788 postquam
1786 729 1859 772 tot
1876 722 1986 774 cla-

87 802 186 851 des
207 807 260 850 et
280 801 668 866 persecutiones
689 814 841 867 passa
863 801 987 867 est),
1010 814 1104 851 nec
1124 801 1223 850 nisi
1244 813 1407 866 panca
1427 799 1680 864 quaedam
1701 799 1987 864 fragmenta

85 876 306 942 linguae
335 882 388 926 et
415 889 698 941 paucorum
726 876 978 928 librorum
1009 878 1245 938 retinuit;
1288 878 1458 927 omnia
1488 876 1626 926 enim
1654 875 1759 926 sere
1778 877 1987 926 nomina

86 953 394 1013 fructuum,
451 954 649 1014 avium,
701 955 924 1021 piscium
964 960 1015 1006 et
1049 954 1304 1020 permulta
1341 953 1439 1004 alia
1476 960 1768 1018 temporum
1803 953 1988 1005 iniuria

87 1033 315 1096 periere.
393 1029 710 1092 significatio
757 1030 945 1082 deinde
982 1031 1261 1083 multorum
1300 1031 1568 1081 nominum
1606 1037 1657 1080 et
1693 1029 1986 1091 verborum,

87 1107 315 1174 quaein
346 1104 532 1156 Bibliis
558 1114 859 1170 occurrunt,
901 1108 977 1159 vel
1015 1122 1227 1174 prorsus
1264 1109 1552 1172 ignoratur,
1594 1107 1672 1160 vel
1709 1106 1772 1159 de
1809 1108 1991 1158 eadem

89 1186 415 1250 disputatur.
488 1186 574 1235 46.
614 1185 792 1247 Quum
813 1185 939 1236 haec
959 1185 1151 1244 omnia,
1178 1191 1285 1234 tum
1309 1185 1580 1249 praecipue
1602 1184 1759 1234 huius
1779 1185 1987 1250 linguae

89 1261 508 1327 phraseologiam
555 1261 942 1321 desideramus;
999 1262 1112 1312 eius
1161 1263 1299 1311 enim
1343 1259 1559 1326 phrases
1606 1266 1657 1309 et
1691 1261 1874 1310 modos
1913 1261 1992 1310 lo-

92 1337 294 1403 quendi
309 1376 326 1399 ‚
365 1337 634 1388 Hebraeae
653 1339 848 1388 nationi
869 1339 1153 1403 peculiares
1169 1377 1183 1398 ‚
1224 1351 1405 1388 omnes
1433 1336 1537 1387 fere
1558 1343 1763 1400 tempus
1784 1335 1911 1386 edax
1930 1351 1990 1387 ex

93 1416 375 1466 bominum
405 1417 650 1466 memoria
679 1415 917 1466 abolevit.
989 1417 1105 1468 Non
1134 1417 1308 1480 itaque
1336 1427 1542 1478 semper
1577 1413 1890 1477 poter-imm,
1930 1419 1991 1462 ut

96 1491 489 1552 desiderantum,
531 1505 710 1542 omnes
741 1494 1156 1557 uniuscuiusque
1186 1492 1431 1542 orationis
1459 1503 1677 1550 sensuS,
1714 1502 1849 1554 quos
1878 1491 1993 1554 ipsa

97 1583 160 1620 ex
177 1567 390 1635 linguae
418 1583 522 1618 usu
553 1568 816 1620 admittere
835 1577 1031 1636 potest,
1075 1569 1403 1634 investigare,
1444 1574 1493 1617 et
1512 1565 1703 1617 multae
1721 1572 1993 1616 occurrent

99 1647 390 1707 orationeS,
431 1647 669 1710 quamvis
698 1647 984 1698 notissimis
1012 1645 1227 1696 vocibus
1248 1659 1542 1710 expressae,
1582 1656 1800 1708 quarum
1821 1651 1991 1693 tamen

99 1738 298 1775 sensus
317 1721 726 1775 obscurissimus
747 1724 843 1774 erit
865 1731 914 1775 et
932 1723 1082 1789 plane
1101 1721 1544 1790 imperceptibilis.
1621 1721 1707 1771 47.
1742 1718 1825 1771 Ad
1846 1719 1987 1783 haec,

101 1802 246 1866 quod
277 1800 473 1852 scilieet
493 1799 696 1865 linguae
715 1800 980 1851 Hebraeae
1003 1799 1281 1866 perfectam
1301 1799 1565 1850 historiam
1586 1812 1687 1849 non
1708 1812 1991 1863 possumus

20 1882 22 1903 ⁵
102 1878 321 1938 habere,
363 1879 558 1929 aceedit
583 1879 695 1943 ipsa
725 1877 882 1928 huius
911 1877 1115 1941 linguae
1145 1878 1441 1927 constitutio
1470 1883 1521 1926 et
1548 1883 1753 1935 natura;
1796 1889 1854 1925 ex
1890 1888 1994 1939 qua

106 1963 183 2006 tot
211 1956 450 2006 oriuntur
475 1954 866 2018 ambiguitateS‚
907 1953 1304 2020 utimpossibile
1334 1955 1401 2004 sit
1426 1954 1578 2003 talem
1615 1953 1841 2003 invenire
1878 1966 1993 2001 me-

107 2031 416 2099 thodum‘)‚
465 2045 596 2096 quae
630 2046 808 2094 verum
847 2032 1333 2082 sensum'omnium
1372 2030 1661 2080 orationum
1702 2030 1994 2094 scripturae

20 2130 23 2179 ξ
107 2116 250 2159 certo
269 2108 450 2159 doceat
467 2110 789 2173 investigare.
828 2110 956 2159 Nam
979 2115 1179 2174 praeter
1197 2106 1593 2171 ambiguitatum
1615 2118 1801 2155 causas
1820 2104 1993 2155 omni-

109 2185 212 2235 bns
247 2185 437 2249 linguis
473 2198 778 2235 communes
815 2186 1068 2250 quaedam
1105 2184 1233 2235 aliae
1261 2186 1312 2234 in
1351 2184 1446 2233 bac
1484 2184 1655 2247 lingna
1685 2182 1897 2241 dantur,
1936 2194 1997 2231 ex

111 2261 306 2327 quibus
328 2262 610 2327 permultae
629 2269 914 2313 nascuntur
932 2262 1311 2327 ambiguitates.
1368 2260 1472 2310 Eas
1492 2260 1575 2311 liic
1595 2266 1785 2321 notare,
1812 2271 1994 2323 operae

117 2340 333 2403 pretium
354 2338 509 2391 duco.
1051 2372 1058 2379 ·
1086 2374 1090 2378 -

215 2415 304 2466 48.
343 2418 511 2467 Prima
539 2417 703 2467 oritur
729 2417 782 2467 in
801 2414 985 2465 Bibliis
1013 2428 1165 2479 saepe
1184 2412 1500 2478 ambiguitas
1521 2419 1571 2464 et
1590 2413 1875 2463 orationum
1896 2408 1995 2459 ob-

117 2493 334 2543 scuritas
359 2508 420 2543 ex
448 2506 534 2554 eo,
575 2494 715 2559 quod
734 2492 906 2543 literae
925 2492 1160 2543 ciusdem
1182 2492 1357 2555 organi
1376 2504 1511 2541 unae
1531 2503 1624 2554 pro
1643 2488 1756 2538 aliis
1774 2500 1995 2537 suman-

120 2575 222 2619 tur.
284 2570 534 2621 Dividunt
553 2570 749 2621 scilieet
769 2568 987 2620 Hebraei
1007 2582 1187 2618 omnes
1206 2566 1480 2634 Alphabeti
1502 2565 1672 2616 literas
1690 2565 1744 2615 in
1765 2564 1993 2630 quinque

121 2646 342 2706 classes,
379 2653 586 2713 propter
614 2646 845 2712 quinque
875 2647 978 2696 oris
1013 2646 1383 2705 instrumenta,
1424 2657 1557 2708 quae
1594 2640 1995 2707 pronuntiationi

117 2723 427 2785 inserviunt,
479 2737 664 2788 nempe
710 2722 870 2783 labia,
919 2722 1121 2787 lingua,
1167 2722 1377 2781 denteS‚
1430 2718 1658 2784 palatum
1706 2724 1755 2770 et
1799 2724 1993 2782 guttur.

119 2808 209 2859 Ex.
231 2822 310 2873 gr.
334 2812 593 2877 ’ΠἭΊἾἩ
637 2807 806 2875 Alpha
821 2847 834 2871 ,
876 2807 1035 2868 Ghet,
1073 2808 1269 2872 Hgain,
1310 2806 1391 2856 He
1437 2804 1719 2870 gutturales
1754 2809 1999 2854 vocantur

119 2902 170 2946 et
187 2896 298 2946 sine
317 2892 424 2945 ullo
442 2892 737 2945 discrimine
751 2934 765 2957 ,
799 2892 950 2944 nobis
969 2893 1148 2944 saltem
1168 2897 1292 2942 noto
1306 2929 1320 2952 ,
1343 2903 1445 2941 nna
1467 2903 1560 2956 pro
1580 2889 1677 2941 alia
1696 2896 1993 2956 usurpatur.

220 3063 260 3115 ‘l
293 3060 442 3109 nohis
471 3062 676 3119 scilieet,
707 3063 786 3121 qui
814 3063 924 3109 huic
948 3060 1135 3117 linguae
1152 3072 1247 3105 non
1266 3059 1565 3105 adsuevimus
1585 3059 1749 3105 eteius
1769 3058 1996 3115 phraseo-

123 3122 290 3178 logiam
309 3122 650 3168 desideramus.
707 3122 792 3177 Sp.

189 3192 414 3261 Spinoza
450 3195 542 3244 111.
1540 3191 1573 3243 8
