2350 3475
323 62 404 119 40
723 61 1112 107 TnacTATUs
1151 60 1552 105 Tnsoaoclco
1566 88 1588 95 -
1601 61 1807 106 Pom‘r.

327 240 482 304 Quod
509 241 555 292 si
581 240 701 291 licet
727 237 894 290 dicere
931 252 1025 289 nos
1067 243 1259 289 textum
1297 238 1441 288 illum
1470 239 1598 303 Reg.
1630 237 1721 289 lib.
1748 241 1795 290 1.
1824 252 1936 305 cap.
1962 238 2013 289 7.
2047 252 2100 288 v.
2124 239 2217 289 23.

326 334 431 370 non
450 317 760 383 intelligere,
794 316 968 367 nescio
988 314 1221 378 hercule,
1265 315 1391 381 quid
1410 329 1469 366 ex
1490 316 1753 381 Scriptura
1774 316 2055 381 intelligere
2078 330 2221 381 pos-

326 410 542 457 sumus,
585 408 746 460 quum
779 393 850 444 ibi
884 391 1074 443 fabrica
1101 394 1404 460 simpliciter
1440 400 1670 444 narretur
1697 402 1747 444 et
1779 407 1917 444 mere
1942 392 2217 443 historice.

327 472 414 523 30.
452 474 564 522 lmo
591 471 636 521 si
665 469 780 520 licet
815 469 1006 534 fingere
1035 470 1351 536 Scripturam
1388 469 1536 520 aliter
1571 471 1829 531 sensisse,
1870 470 1963 521 scd
2001 474 2221 533 propter

328 549 558 614 aliquam
588 547 836 598 rationem
863 545 1016 598 nobis
1055 547 1367 612 incognitam
1387 585 1401 607 ,
1439 548 1507 597 ita
1542 547 1766 598 scribere
1801 546 2056 608 voluisse,
2098 552 2221 595 tum

328 626 456 677 nihil
485 621 624 675 aliud
653 623 736 684 fit,
779 638 938 689 quam
964 625 1122 675 totius
1145 624 1441 690 scripturae
1472 623 1767 675 omnimoda
1788 624 2004 675 eversio.
2072 624 2221 673 Nam

330 702 698 766 unusquisque
717 700 919 765 aequali
939 700 1050 768 iure
1069 701 1136 752 de
1155 699 1400 751 omnibus
1421 702 1713 767 Scripturae
1732 701 1857 768 loeis
1878 700 2016 751 idem
2041 698 2221 749 dicere

330 778 539 843 poterit;
579 784 735 844 atque
763 776 891 828 adeo
912 777 1164 843 quicquid
1185 776 1470 829 absurdum
1492 785 1542 829 et
1560 778 1753 829 malum
1775 777 1998 829 humana
2018 776 2222 827 malitia

328 855 607 920 excogitare
646 862 843 921 potest,
885 854 938 905 id
965 852 1104 906 salva
1132 856 1424 920 Scripturae
1453 856 1751 906 auctoritate
1780 861 1831 906 et
1856 852 2136 906 defendere
2171 859 2224 903 et
2318 912 2320 919 Ι

328 938 527 997 patrare
549 931 738 983 licebit.
809 930 881 982 At
897 930 976 994 id,
1020 930 1162 997 quod
1182 946 1279 983 nos
1298 932 1573 983 statuimus
1589 971 1603 995 ,
1636 932 1763 983 nihil
1784 930 2060 998 impietatis
2080 944 2224 979 con-

329 1010 481 1069 tinet;
546 1023 664 1060 nam
706 1008 980 1070 Salomon,
1027 1009 1239 1070 EsaiaS,
1278 1011 1433 1059 Iosua
1469 1016 1597 1071 etc.‚
1638 1010 1871 1075 quamvis
1910 1006 2221 1075 prophetae,

329 1085 567 1137 homines
597 1093 768 1137 tamen
797 1085 1034 1144 fuerunt,
1075 1092 1126 1136 et
1155 1085 1283 1136 nibil
1313 1086 1526 1137 humani
1554 1085 1619 1137 ab
1640 1088 1769 1153 ipsis
1790 1086 2013 1137 alienum
2035 1084 2225 1135 existi-

331 1162 601 1214 mandum.
674 1162 760 1213 31.
798 1161 886 1213 Ad
914 1170 1124 1228 captum
1141 1162 1338 1215 Noachi
1369 1164 1525 1214 etiam
1554 1164 1831 1215 revelatum
1860 1163 1906 1213 ei
1924 1162 2024 1212 i’uit
2039 1162 2226 1211 Deum

331 1241 618 1291 humanum
644 1254 809 1305 genus
836 1239 1034 1301 delere,
1066 1241 1189 1304 quia
1207 1239 1423 1306 putabat
1441 1240 1696 1292 mundum
1717 1247 1850 1291 extra
1872 1238 2224 1290 Palaestinam

330 1332 433 1371 non
463 1316 755 1368 inhabitari.
828 1318 934 1368 Nec
966 1323 1164 1367 tantum
1194 1317 1492 1369 huiusmodi
1514 1332 1625 1378 rea,
1666 1317 1757 1368 sed
1780 1318 1929 1368 etiam
1950 1315 2079 1366 alias
2098 1330 2227 1366 ma-

330 1397 455 1445 ioris
486 1393 732 1446 momenti
762 1392 1039 1459 prophetae
1072 1394 1212 1445 salva
1242 1396 1430 1461 pietate
1458 1395 1690 1461 ignorare
1712 1399 2014 1459 potuerunt,
2057 1398 2109 1443 et
2132 1408 2226 1443 re-

331 1487 446 1524 vera
477 1474 855 1537 ignoraverunt.
927 1470 1066 1523 Nihil
1095 1472 1234 1521 enim
1257 1472 1517 1537 singulare
1537 1471 1601 1522 de
1622 1469 1810 1522 divinis
1830 1469 2089 1521 attributis
2110 1469 2225 1519 do·-

330 1554 567 1609 cuerunt,
606 1546 700 1599 sed
720 1546 1002 1597 admodum
1025 1547 1261 1611 vulgares
1280 1548 1343 1599 de
1362 1550 1471 1600 Deo
1492 1547 1783 1599 babuerunt
1809 1548 2107 1613 opiniones;
2156 1547 2227 1597 ad

331 1640 464 1691 quas
483 1625 638 1675 ctiam
658 1637 838 1674 eorum
859 1622 1191 1674 revelationes
1211 1625 1624 1675 accommodatae
1645 1632 1796 1686 sunt,
1834 1624 2009 1675 utiam
2030 1624 2227 1674 multis

332 1703 622 1768 Scripturae
642 1700 950 1752 testimoniis
972 1700 1241 1752 ostendam
1258 1741 1271 1762 ,
1304 1702 1374 1752 ita
1397 1708 1454 1753 ut
1475 1702 1620 1754 facile
1640 1702 1809 1754 videas
1829 1741 1843 1761 ,
1874 1715 1963 1752 eos
1983 1714 2090 1753 non
2112 1708 2227 1752 tam

332 1779 399 1830 ob
437 1779 628 1845 ingenii
666 1776 1038 1828 sublimitatem
1078 1788 1128 1829 et
1161 1781 1554 1845 praestantiam,
1593 1795 1751 1846 quam
1788 1778 1853 1830 ob
1894 1780 2139 1846 pietatem
2176 1787 2230 1830 et

334 1857 492 1907 animi
513 1855 856 1907 constantiam
875 1854 1075 1906 laudari
1096 1863 1149 1907 et
1168 1863 1431 1922 tantopere
1451 1855 1818 1909 commendari.

437 1969 522 2022 32.
561 1965 818 2029 adamus,
844 1968 1043 2033 primus
1064 1968 1146 2018 cui
1165 1967 1310 2018 Deus
1331 1969 1580 2020 revelatus
1603 1968 1699 2019 suit
1714 2008 1727 2030 ,
1749 1967 2022 2035 ignoravit,
2045 1969 2227 2018 Deum

333 2059 449 2096 esse
479 2045 945 2110 omnipraesentem
979 2051 1029 2096 et
1047 2047 1388 2106 omniscium;
1427 2062 1485 2098 se
1515 2047 1653 2097 enim
1682 2046 1837 2096 aDeo
1868 2043 2227 2110 abscondidit,

333 2132 384 2174 ct
412 2136 569 2173 suum
605 2128 872 2187 peccatum
913 2135 1081 2174 coram
1113 2124 1249 2185 Deo,
1291 2125 1439 2189 quasi
1477 2123 1737 2175 hominem
1778 2137 1948 2174 coram
1985 2120 2227 2184 baberet,

332 2206 549 2251 conatus
578 2206 658 2249 est
684 2213 926 2250 excusare
940 2198 1015 2266 ²¹¹).
1089 2202 1262 2263 Quare
1288 2202 1432 2251 Deus
1461 2202 1612 2251 etiam
1646 2201 1690 2251 ei
1720 2199 1786 2250 ad
1815 2200 1981 2265 ipsius
2008 2206 2231 2264 captum

333 2277 584 2329 revelatus
605 2275 728 2336 fuit,
771 2291 957 2342 nempe
975 2279 1140 2342 utqui
1163 2292 1267 2328 non
1288 2277 1483 2343 ubique
1504 2285 1611 2338 est,
1652 2284 1701 2328 et
1731 2283 1787 2326 ut
1815 2277 2011 2326 inscius
2040 2273 2142 2325 loci
2176 2283 2235 2326 et

332 2355 525 2420 peccati
544 2353 762 2414 Adami;
805 2353 998 2405 audivit
1031 2356 1168 2405 enim
1199 2363 1287 2405 aut
1316 2355 1458 2405 visus
1490 2361 1571 2405 est
1599 2353 1775 2405 audire
1793 2356 1963 2406 Deum
1984 2367 2075 2419 per
2098 2351 2235 2403 hor-

334 2440 444 2482 tum
481 2429 862 2492 ambulantem,
905 2446 1129 2497 eumque
1164 2439 1430 2482 vocantem
1470 2439 1521 2483 et
1555 2439 1885 2497 quaerentem
1922 2429 2013 2482 ubi
2052 2437 2229 2490 esset;

334 2508 523 2559 deinde
557 2523 617 2558 ex
644 2510 913 2559 occasione
945 2510 1057 2559 eius
1086 2508 1421 2561 verecundiae
1458 2509 1633 2575 ipsum
1670 2515 1961 2573 rogantem,
2002 2522 2130 2558 num
2162 2508 2237 2558 de

336 2585 515 2636 arbore
550 2583 804 2650 prohibita
843 2583 1140 2637 comederit.
1221 2585 1459 2638 Adamus
1496 2587 1671 2652 itaque
1707 2586 1907 2638 nullum
1947 2583 2089 2636 aliud
2126 2587 2231 2636 Dei

336 2660 636 2712 attributum
669 2670 903 2722 noverat,
944 2678 1101 2728 quam
1131 2662 1271 2729 quod
1292 2665 1434 2714 Deus
1455 2663 1689 2714 omnium
1721 2677 1893 2714 rerum
1916 2661 2011 2714 suit
2030 2661 2231 2727 opifex.

337 2737 423 2790 33.
463 2739 632 2788 Kaino
652 2740 806 2789 etiam
829 2741 970 2790 Deus
991 2740 1242 2792 revelatus
1262 2739 1360 2792 fuit
1381 2740 1445 2793 ad
1476 2741 1643 2807 ipsius
1673 2748 1909 2806 captum,
1952 2753 2139 2805 nempe
2173 2749 2239 2790 ut

339 2829 510 2868 rerum
530 2814 871 2868 humanarum
893 2817 1108 2881 insciuS‚
1130 2833 1224 2870 nec
1244 2819 1360 2886 ipsi,
1382 2819 1536 2871 utsui
1556 2819 1751 2886 peccati
1770 2819 2071 2884 poeniteret,
2092 2831 2235 2884 opus

443 3025 482 3074 ‘)
517 3021 617 3066 Vid.
643 3019 757 3065 Gen.
777 3023 820 3080 3,
841 3024 881 3063 8.
903 3033 1007 3076 sqq.
