2350 3475
373 123 457 184 46
776 125 1162 172 TRACTATUS
1203 124 1602 172 'rflssomfflco
1613 151 1637 162 -
1647 125 1855 170 Pou‘r.

372 306 526 358 modo
547 306 698 358 allato
717 317 831 370 cap.
853 305 1100 356 Ieremiae
1120 303 1503 356 evidentissime
1520 303 1802 370 conigium
1844 317 1963 354 nam
1994 303 2065 354 ait
2084 303 2261 354 Deum

373 385 454 435 sui
483 384 698 445 decreti,
738 383 796 432 in
819 380 1069 441 damnum
1099 389 1189 433 aut
1214 381 1409 432 bonum
1434 377 1705 432 hominum
1721 380 1929 447 prolati,
1969 380 2257 446 poenitere,

371 454 522 529 prout
539 461 772 514 homines
794 471 966 509 meres
980 465 1030 510 et
1050 458 1265 510 modum
1284 459 1485 510 vivendi
1506 465 1702 510 mutare
1722 457 1919 508 volunt.
1967 457 2041 508 At
2056 457 2261 508 Paulus

371 546 544 590 contra
564 535 691 587 nihil
709 536 936 601 apertius
955 534 1121 597 docet,
1161 549 1317 600 quam
1340 535 1478 601 quod
1498 535 1733 586 homines
1755 535 1989 586 nullum
1974 536 2257 612 imperium

370 617 472 667 nisi
503 629 564 666 ex
578 614 676 664 Dei
704 613 955 679 singulari
984 614 1248 664 vocatione
1276 619 1325 664 et
1352 613 1523 678 gratia
1538 613 1591 662 in
1622 607 1789 664 carnis
1820 605 2133 664 tentationes
2160 611 2259 662 ha-

366 686 512 749 bent.
585 689 715 741 Vide
752 692 908 757 epist.
937 689 1002 741 ad
1031 692 1296 742 Romanos
1332 703 1448 755 cap.
1480 689 1531 740 9.
1563 703 1621 740 ex
1650 704 1697 739 v.
1736 690 1819 740 10.
1851 697 1985 751 etc„
2026 695 2077 740 et
2112 689 2257 754 quod

369 783 482 834 cap.
505 769 555 818 3.
577 782 624 818 v.
649 770 702 819 5.
723 774 776 818 et
795 781 908 834 cap.
933 768 984 818 6.
1007 782 1056 818 v.
1082 766 1197 826 19.‚
1237 765 1327 817 ubi
1347 768 1457 817 Deo
1484 766 1734 817 iustitiam
1753 765 1957 828 tribuit,
1997 780 2055 816 se
2083 761 2256 817 corri-

368 846 464 910 git,
507 844 649 910 quod
685 844 912 897 humano
947 859 1090 895 more
1128 845 1205 894 sic
1236 843 1475 908 loquatur
1502 850 1571 894 et.
1580 850 1787 910 propter
1812 843 1984 894 carnis
2016 841 2259 896 imbecil-

367 922 586 1052 mag?
595 999 670 1048 Ex
690 996 777 1048 his
793 998 968 1069 itaque
985 997 1116 1048 satis
1135 1011 1397 1063 superque
1417 1003 1647 1058 constat,
1686 995 1771 1057 id,
1812 949 1953 1062 quod
1982 997 2256 1048 ostendere

367 1073 817 1142 proponebamuS,
855 1089 1042 1142 nempe
1067 1077 1238 1126 Deum
1268 1072 1597 1126 revelationes
1628 1075 1803 1140 captui
1830 1081 1881 1125 et
1916 1073 2255 1140 opinionibus
2325 1143 2326 1150 ἵ

365 1153 734 1219 prophetarum
771 1151 1271 1212 accommodavi-sse,
1328 1150 1711 1218 prophetasque
1748 1165 1891 1214 reS,
1914 1165 2049 1217 quae
2078 1151 2255 1202 solam

365 1229 774 1296 speculationem
795 1236 845 1280 et
864 1244 998 1295 quae
1015 1244 1119 1280 non
1141 1229 1403 1280 caritatem
1424 1235 1476 1280 et
1494 1242 1649 1289 usum
1669 1229 1799 1280 vitae
1817 1235 2080 1294 spectant,
2101 1229 2255 1293 igno-
2325 1257 2326 1292 3

365 1321 476 1358 rare
496 1308 727 1374 potuisse
745 1324 758 1367 ς
783 1315 834 1358 et
857 1313 1026 1359 revera
1045 1307 1375 1372 ignoravisse*
1385 1306 1771 1376 contrariasque
1784 1303 2034 1357 habuisse
2048 1306 2257 1371 opinio-

365 1399 480 1436 nes.
555 1386 730 1447 Quare
757 1383 910 1450 longe
939 1383 1115 1446 abest,
1155 1390 1215 1435 ut
1242 1382 1305 1434 ab
1336 1384 1403 1434 iis
1432 1383 1675 1453 cognitio
1682 1397 1853 1440 rerum
1873 1381 2186 1434 naturalium
2206 1388 2257 1432 et

363 1462 712 1526 spiritualium
731 1462 804 1512 sit
822 1460 1066 1528 petenda.
1141 1461 1228 1512 53.
1268 1460 1641 1512 concludimus
1660 1461 1867 1525 itaque,
1906 1473 2005 1514 nos
2027 1459 2257 1524 prophe-

365 1540 431 1590 tis
451 1539 580 1590 nihil
601 1537 743 1589 aliud
769 1539 930 1590 teneri
949 1537 1156 1589 credere
1175 1544 1373 1608 praeter
1392 1537 1463 1598 id,
1487 1537 1629 1602 quod
1655 1537 1773 1589 finis
1796 1543 1847 1588 et
1864 1535 2156 1588 substantia
2176 1543 2258 1588 est
2325 1593 2326 1598 Ἰ

363 1615 712 1675 revelationis;
750 1616 808 1664 in
828 1607 1072 1679 reliquis,
1116 1620 1269 1679 prout
1286 1615 1572 1679 unicuique
1592 1613 1747 1676 libet,
1788 1613 2008 1666 liberum
2036 1619 2117 1665 est
2138 1627 2254 1664 cre-

363 1691 502 1743 dere.
575 1690 810 1759 Exempli
838 1691 1023 1757 gratia,
1064 1690 1301 1743 revelatio
1328 1692 1483 1744 Kaini
1515 1705 1610 1743 nos
1637 1698 1841 1743 tantum
1860 1691 2041 1753 docet,
2074 1691 2253 1743 Deum

362 1772 592 1820 Kainum
622 1770 890 1821 monuisse
920 1769 986 1820 ad
1017 1782 1189 1820 veram
1216 1770 1400 1830 vitam;
1440 1769 1495 1820 id
1526 1770 1661 1821 enim
1694 1776 1892 1821 tantum
1923 1769 2181 1823 intentum
2204 1768 2253 1819 et

361 1845 649 1905 substantia
678 1845 1001 1901 revelationis
1033 1853 1138 1907 est,
1181 1860 1286 1897 non
1317 1861 1434 1898 vero
1454 1846 1741 1898 libertatem
1760 1846 2039 1898 voluntatis
2057 1852 2150 1897 aut
2168 1860 2251 1917 res
2325 1886 2326 1917 3

362 1922 748 1989 philosophicas
778 1924 980 1985 docere.
1055 1923 1227 1986 Quare
1244 1962 1258 1982 ,
1299 1924 1501 1975 tametsi
1522 1926 1573 1975 in
1594 1922 1763 1975 verbis
1782 1924 1925 1975 illius
1945 1924 2251 1973 monitionis

362 2007 414 2050 et
441 1998 726 2051 rationibus
753 1999 968 2051 libertas
995 2001 1277 2052 voluntatis
1305 2001 1591 2053 clarissime
1625 2002 1942 2061 continetur,
1970 1998 2135 2053 nobis
2169 2007 2251 2051 ta-
2325 2054 2326 2077 ἶ

360 2090 484 2128 men
499 2077 696 2129 licitum
717 2084 824 2138 est,
862 2077 1170 2128 contrarium
1206 2080 1422 2145 sentire,
1464 2078 1889 2143 quandoquidem
1919 2076 2069 2128 verba
2088 2078 2179 2129 illa
2196 2085 2251 2128 et
2325 2104 2326 2107 =

360 2156 583 2205 rationes
610 2154 676 2206 ad
714 2162 924 2221 captum
952 2162 1151 2207 tantum
1178 2157 1338 2206 Kaini
1366 2155 1777 2206 accommodatae
1814 2162 1961 2207 sunt.
2021 2157 2119 2206 54.
2162 2156 2249 2205 Sic
2280 2201 2283 2203 ,

359 2233 520 2283 etiam·
533 2231 796 2285 Miehaeae
816 2224 1054 2284 revelatio
1071 2240 1271 2283 tantum
1294 2233 1476 2283 docere
1494 2231 1620 2294 vult,
1656 2232 1801 2297 quod
1821 2233 1965 2283 Deus
1984 2230 2247 2284 Michaeae

357 2322 533 2359 verum
563 2310 751 2361 exitum
789 2318 992 2375 pugnae
1019 2309 1220 2360 Achabi
1249 2316 1425 2359 contra
1452 2308 1613 2360 Aram
1649 2309 1909 2369 revelavit;
1948 2323 2108 2373 quare
2146 2307 2247 2361 hoc
2325 2356 2326 2359 ,

358 2388 510 2438 etiam
537 2392 1008 2458 'tantum-tenemur
1041 2386 1271 2439 credere.
1342 2384 1603 2450 Quicquid
1632 2386 1787 2449 igitur
1823 2393 2023 2451 praeter
2056 2385 2153 2439 hoc
2190 2387 2262 2450 in·

356 2464 442 2515 ilia
465 2463 774 2515 revelatione
801 2465 1120 2525 continetur,
1160 2476 1349 2527 nempe
1378 2462 1441 2513 de
1459 2464 1552 2513 Dei
1580 2464 1767 2527 spiritu
1787 2478 1904 2515 veno
1924 2469 1975 2515 et
1995 2462 2153 2525 falso,
2194 2470 2249 2515 et
2325 2512 2326 2519 ,

357 2541 421 2592 de
441 2543 662 2593 exercitu
679 2540 808 2593 coeli
827 2540 894 2593 ab
912 2548 1131 2605 utroque
1149 2541 1243 2590 Dei
1266 2539 1423 2589 latere
1440 2546 1611 2591 stante
1624 2578 1639 2601 ,
1679 2548 1735 2593 et.
1750 2540 1976 2605 reliq-uae
1996 2539 2139 2592 illius
2160 2556 2247 2591 re-
2324 2594 2326 2615 ἶ

356 2618 627 2683 velationis
663 2618 1101 2679 circumstantiae,
1143 2629 1239 2667 nos
1276 2615 1488 2673 minime
1526 2623 1767 2682 tanguut3
1808 2617 2039 2683 adeoque
2082 2616 2146 2669 de
2176 2618 2243 2669 iis
2325 2624 2326 2653 i

357 2696 749 2761 unusquisque,
789 2702 940 2761 prout
963 2707 1090 2744 suae
1119 2693 1302 2744 rationi
1332 2692 1497 2757 magis
1516 2701 1931 2763 ¹consentaneum
1961 2691 2238 2759 videbitur,
2325 2748 2326 2751 ,

357 2771 546 2823 credat.
619 2774 700 2824 55.
737 2774 815 2824 De
843 2770 1162 2833 rationibuS‚
1204 2767 1396 2834 quibus
1413 2771 1568 2823 ‘Deus
1596 2770 1721 2823 lobo
1748 2772 1975 2836 ostendit
2002 2785 2159 2823 suam
2188 2774 2241 2823 in

356 2850 527 2905 omnia
546 2851 854 2916 potentiam,
897 2849 945 2899 si
961 2847 1176 2915 quidem
1198 2858 1375 2898 verum
1397 2855 1501 2910 est,
1542 2850 1681 2915 quod
1701 2848 1829 2901 lobo
1858 2848 2105 2901 revelatae
2123 2848 2243 2903 fue-

355 2924 508 2989 runt',
545 2935 596 2979 et
620 2925 762 2991 quod
794 2932 974 2979 auctor.
995 2925 1262 2977 historiam
1292 2939 1523 2990 narrare,
1564 2935 1673 2979 non
1698 2932 1873 2980 autern
1900 2925 1988 2993 (ut
2018 2926 2239 2991 quidam
2325 2934 2326 2937 ’

356 3004 600 3070 credunt)
621 3017 746 3054 suos
766 3009 1048 3069 conceptus
1067 3016 1249 3054 ornare
1272 3003 1559 3069 studuerit3
1594 3002 1732 3053 idem
1754 3004 1909 3054 etiam
1931 3002 2235 3067 dicendum,

355 3094 542 3148 nempe
570 3093 657 3131 eas
687 3078 750 3131 ad
783 3086 988 3146 captum
1028 3078 1142 3131 lobi
1178 3086 1228 3132 et
1262 3080 1327 3131 ad
1370 3080 1546 3146 ipsum
1583 3086 1787 3145 tantum
1824 3080 2236 3145 convincendum

1130 3225 1168 3255 Q
