2350 3475
303 91 404 180 ’96
723 121 1112 168 ἰ’κᾼοτᾼτυε
1149 117 1805 166 ΤηΕοιοοιοο-Ροιιτ.

321 297 476 366 stylo,
517 299 608 366 qui
646 300 834 352 melius
869 299 1080 351 inservit
1113 298 1179 350 ad
1210 313 1292 350 res
1321 298 1482 364 magis
1512 296 1897 361 admirandum,
1938 303 1991 350 et
2018 311 2216 351 eonse-

320 384 539 442 quenter
573 377 637 428 ad
673 377 994 429 devotionem
1033 379 1088 429 in
1125 377 1313 428 animis
1348 376 1484 443 vulgi
1520 376 1946 443 imprimendum.
2018 378 2112 429 45.
2152 378 2213 429 Si

319 455 478 519 igitur
503 455 756 520 quaedam
785 455 837 504 iu
867 457 1028 505 sacris
1057 454 1219 505 literis
1238 454 1591 520 reperiuntur,
1631 468 1853 519 quornm
1874 467 2063 506 causas
2082 455 2212 506 red-

320 530 440 583 dere
459 533 722 584 nescimus
741 538 791 582 et
809 545 942 597 quae
961 538 1179 598 praeter,
1216 532 1325 582 imo
1342 537 1516 582 contra
1538 530 1771 583 ordinem
1792 538 2005 583 naturae
2022 531 2213 584 viden-

319 614 402 660 tur
420 609 726 674 contigisse,
763 623 822 659 ea
841 621 1035 660 moram
1067 607 1219 660 nobis
1244 609 1455 660 iniicere
1483 623 1585 660 non
1615 607 1833 670 debent,
1870 609 1964 660 sed
1992 610 2209 660 omnino

320 685 666 747 credendum,
721 683 803 749 id,
861 685 1000 752 quod
1047 699 1218 738 revera
1263 687 1503 752 contigit,
1558 685 1859 737 naturaliter
1892 685 2206 753 contigisse;

319 761 458 826 qnod
487 763 640 812 etiam
669 775 727 813 ex
747 762 844 814 boc
861 763 1219 826 confirmatur,
1262 763 1403 829 quod
1424 763 1478 814 in
1499 761 1759 815 miraculis
1786 759 1962 829 plures
1981 763 2213 813 circum·
2320 825 2322 832 Ι

319 839 536 889 stantiae
573 839 982 906 reperiebantur,
1041 841 1277 907 quamvis
1312 847 1484 892 tamen
1522 855 1625 891 non
1662 853 1868 905 semper
1914 847 2207 901 narrentur,

317 915 594 982 praecipue
619 931 782 981 quum
803 917 935 984 stylo
955 918 1157 984 poetico
1175 925 1449 980 canantur3
1489 917 1928 981 circumstantiae,
1970 917 2207 981 inquam,

318 991 684 1043 miraculorum
721 994 856 1044 clare
891 994 1201 1056 ostendunt,
1252 996 1363 1061 ipsa
1401 1008 1585 1046 causas
1626 994 1883 1045 naturales
1920 994 2205 1058 requirere.

317 1069 404 1120 46.
442 1072 642 1138 Nempe
661 1077 718 1121 ut
734 1069 972 1137 Aegyptii
1001 1070 1175 1124 scabie
1195 1071 1587 1135 infestarentur,
1628 1085 1766 1136 opus
1786 1071 1907 1131 l'uit,
1948 1077 2010 1121 ut
2025 1072 2209 1123 Moses

320 1145 539 1197 favillam
559 1148 612 1197 in
634 1150 802 1198 aerem
825 1161 1035 1198 sursum
1065 1155 1347 1214 spargeret.
1420 1147 1552 1199 Vide
1569 1149 1729 1197 Exodi
1750 1161 1861 1213 cap.
1885 1147 1936 1198 9.
1960 1161 2094 1198 vers·
2120 1147 2206 1198 10.

317 1225 572 1274 Locustae
597 1225 752 1275 etiam
772 1237 831 1274 ex
849 1224 1091 1276 mandato
1111 1225 1206 1275 Dei
1227 1224 1474 1287 naturali,
1517 1237 1703 1289 nempe
1724 1238 1782 1274 ex
1800 1229 1950 1274 vento
1970 1223 2209 1275 orientali

318 1302 516 1366 integro
543 1299 626 1351 die
655 1307 706 1352 et
741 1308 892 1352 nocte
930 1301 1112 1364 flante,
1152 1301 1524 1368 Aegyptiorum
1562 1301 1823 1366 regionem
1862 1301 2123 1367 petierunt
2158 1306 2214 1350 et

315 1385 464 1429 vento
502 1377 802 1429 occidentali
845 1379 1129 1430 fortissimo
1178 1378 1393 1429 eandem
1442 1376 1779 1442 reliquerunt.
1868 1376 1999 1428 Vide
2035 1376 2206 1428 Exod.

316 1469 430 1521 cap.
455 1453 540 1508 10.
559 1469 610 1507 v.
635 1455 720 1507 13.
744 1455 828 1507 14.
852 1456 934 1507 19.
1009 1454 1209 1507 Eodem
1230 1456 1381 1505 etiam
1401 1454 1497 1505 Dei
1516 1454 1666 1506 iussu
1686 1467 1825 1505 mare
1843 1453 1975 1505 viam
1996 1453 2209 1504 Iudaeis

315 1531 516 1598 apernit
551 1530 698 1598 (vide
725 1532 891 1583 Exod.
922 1546 970 1584 c.
995 1536 1077 1586 14.
1109 1547 1156 1584 v.
1180 1531 1327 1599 21.),
1367 1545 1553 1598 nempe
1588 1531 1758 1594 Euro,
1796 1531 1886 1596 qui
1923 1529 2211 1582 fortissime

315 1611 509 1674 integra
541 1615 690 1659 nocte
721 1608 879 1660 flavit.
951 1609 1039 1660 47.
1077 1606 1277 1659 Deinde
1307 1616 1365 1659 ut
1389 1607 1531 1659 Elisa
1560 1621 1811 1674 puerum,
1850 1607 1941 1673 qui
1968 1613 2211 1660 mortuns

315 1682 647 1749 credebatur,
689 1684 954 1747 excitaret,
995 1685 1269 1751 aliquoties
1288 1700 1449 1752 puero
1468 1685 1767 1739 incumbere
1795 1684 1999 1751 debuit,
2042 1684 2213 1737 donec

315 1763 471 1829 prius·
494 1761 764 1813 incaluerit
799 1770 850 1813 et
886 1761 1092 1813 tandem
1129 1763 1310 1814 oculos
1346 1764 1621 1831 aperuerit.
1694 1763 1825 1815 Vide
1860 1765 1989 1831 Reg.
2028 1761 2120 1815 lib.
2148 1765 2207 1819 ².

314 1852 429 1905 cap.
451 1842 502 1890 4.
524 1852 574 1890 v.
597 1838 685 1890 34.
706 1838 793 1890 35.
867 1840 954 1891 Sic
973 1840 1127 1891 etiam
1148 1840 1204 1891 in
1225 1840 1487 1907 evaugelio
1507 1842 1715 1893 loannis
1733 1855 1850 1908 cap.
1872 1840 1925 1893 9.
1947 1839 2206 1906 quaedam

317 1922 593 1967 narrantur
613 1917 1029 1968 circumstantiae
1043 1955 1057 1978 ,
1097 1917 1293 1984 quibus
1312 1916 1549 1970 Christus
1577 1932 1709 1969 usus
1728 1924 1806 1969 est
1826 1917 1889 1969 ad
1908 1918 2207 1969 sanandum

315 2006 527 2045 coecum
538 1994 611 2059 ³¹¹).
657 1994 724 2045 Et
743 1995 818 2046 sic
837 1994 934 2045 alia
953 1993 1114 2045 multa
1136 1997 1191 2046 in
1213 1996 1491 2063 scripturis
1510 1996 1854 2062 reperiuntur,
1880 2008 2011 2061 quae
2028 1996 2209 2047 omnia

313 2071 441 2121 satis
468 2071 778 2133 ostendunt,
821 2072 1066 2123 miracula
1095 2072 1262 2135 aliud,
1304 2087 1458 2139 quam
1480 2072 1777 2124 absolutum
1794 2072 1921 2133 Dei,
1959 2078 2019 2121 ut
2036 2072 2204 2133 aiunt,

313 2147 614 2199 mandatum
645 2149 923 2213 requirere.
997 2150 1084 2201 48.
1125 2151 1297 2214 Quare
1327 2149 1670 2211 credendum,
1710 2149 1947 2214 quamvis
1974 2148 2209 2199 circum-

315 2227 532 2277 stantiae
580 2226 942 2277 miraculorum
991 2242 1276 2293 eorumque
1314 2228 1569 2278 naturales
1609 2240 1795 2278 causae
1829 2240 1935 2276 non
1974 2238 2206 2292 semper,

312 2317 482 2369 neque
507 2316 688 2354 omnes
719 2310 1045 2367 enarrentur,
1089 2303 1335 2355 miracula
1363 2311 1532 2355 tamen
1561 2317 1665 2353 non
1696 2301 2015 2353 sineiisdem
2034 2302 2209 2353 conti-

313 2382 470 2445 gisse.
545 2379 698 2442 Quod
727 2382 880 2432 etiem
911 2388 1111 2433 constat
1139 2396 1198 2431 ex
1224 2379 1388 2431 Exodi
1418 2394 1531 2447 cap.
1556 2381 1638 2432 14.
1661 2394 1708 2430 v.
1728 2379 1846 2441 27„
1886 2378 1977 2430 nbi
1998 2385 2203 2429 tantum

315 2464 571 2521 narratur,
611 2458 752 2524 quod
783 2472 840 2510 ex
861 2457 973 2509 solo
995 2465 1125 2508 nutu
1144 2459 1282 2510 Most
1304 2471 1441 2508 mare
1460 2458 1644 2507 iterum
1666 2457 1941 2517 intumuit,
1982 2469 2077 2507 uec
2096 2454 2205 2506 ulla

311 2538 448 2586 venti
477 2535 671 2587 mentio
689 2533 776 2597 fit:
815 2543 864 2586 et
891 2535 1138 2587 tamenin
1159 2536 1355 2586 cantico
1384 2533 1505 2599 (Ex.
1528 2547 1641 2598 cap.
1666 2533 1750 2585 15.
1770 2546 1819 2584 v.
1845 2532 1961 2601 10.)
1990 2532 2203 2596 dicitur,

313 2612 364 2661 id
386 2613 663 2677 contigisse
683 2624 743 2662 ex
759 2625 840 2674 eo,
879 2612 1020 2677 quod
1041 2614 1185 2663 Deus
1206 2616 1354 2663 vento
1374 2624 1473 2662 suo
1492 2609 1566 2675 (id
1588 2615 1686 2671 est,
1723 2615 1876 2661 vento
1898 2609 2209 2673 fortissimo)

313 2687 530 2739 flaverit.
603 2690 776 2752 Quare
794 2688 921 2739 haec
941 2688 1326 2741 circumstantia
1349 2688 1401 2738 in
1425 2687 1635 2738 historia
1658 2687 1928 2747 omittitur,
1968 2692 2019 2738 et
2038 2687 2203 2739 mira-

313 2764 487 2815 culum
516 2778 575 2815 ea
607 2764 670 2816 de
691 2778 846 2816 causa
865 2766 1036 2817 maius
1053 2765 1274 2819 videtur.
1346 2765 1434 2816 49.
1471 2763 1543 2815 At
1561 2762 1733 2815 forsan
1752 2762 1969 2815 instabit
1986 2762 2198 2829 aliquis,

313 2854 411 2892 nos
436 2842 676 2908 perplura
708 2842 761 2891 in
791 2842 1070 2909 scripturis
1102 2844 1351 2910 reperire,
1390 2855 1523 2910 quae
1552 2841 1696 2894 nullo
1724 2839 1879 2892 modo
1907 2852 1999 2907 per
2014 2854 2203 2892 causas

313 2919 574 2971 naturales
609 2918 847 2973 videntur
881 2932 1037 2985 posse
1071 2920 1335 2989 explicari,
1395 2927 1453 2973 ut
1498 2919 1639 2988 quod
1684 2925 1892 2985 peccata
1929 2916 2201 2969 bominum

415 3088 457 3141 ‘J
484 3086 586 3132 lob.
605 3086 648 3143 9,
667 3086 707 3129 6.
729 3088 770 3128 ’1.
