2350 3475
870 176 1008 225 car.
1051 160 1196 223 xix.
1851 178 1971 240 261

56 352 243 413 sicuti
286 360 463 426 ipsam
498 356 986 421 determinaverant,
1034 356 1184 423 ipsos
1219 357 1555 422 imperatores
1591 357 1772 417 docere
1809 358 1981 409 debu-

81 445 236 491 erunt
252 476 269 499 ‚
307 450 371 488 ex
390 448 495 501 quo
512 433 663 485 facile
680 432 915 485 obtinere
934 439 1217 503 potuerunt
1230 473 1245 496 ,
1283 439 1340 485 ut
1356 434 1473 486 eius
1488 434 1728 487 doctores
1745 441 1798 488 et
1811 435 1982 491 inter-

80 522 285 581 pretes,
309 520 365 565 et
381 518 641 579 praeterea
661 511 911 564 ecclesiae
931 516 1164 579 pastores
1183 516 1236 561 et
1253 512 1404 576 quasi
1419 512 1516 564 Dei
1537 513 1710 565 vicarii
1727 526 1981 580 agnosce-

81 599 292 652 rentur;
324 596 377 642 et
398 603 463 641 ue
480 596 663 656 postea
683 602 831 654 reges
851 587 1129 639 Christiani
1150 586 1284 644 lianc
1301 587 1402 639 sibi
1421 590 1776 642 auctoritatem
1797 603 1980 655 capere

82 674 339 734 possent,
378 668 573 734 optime
608 664 711 716 sibi
746 671 989 717 caverunt
1026 664 1394 727 ecclesiastici,
1435 666 1758 733 probibendo
1783 666 1982 718 scilicet

80 743 477 797 matrimonium
514 741 775 809 supremis
805 740 1053 793 ecclesiae
1086 742 1339 794 ministris
1365 757 1681 811 summoque
1718 744 1980 809 religionis

82 822 375 889 interpreti.
450 822 535 874 54.
573 819 657 871 Ad
678 818 818 885 quod
849 824 1111 886 praeterea
1139 820 1385 884 accessit,
1424 822 1565 888 quod
1592 822 1856 887 religionis
1885 819 1983 872 do-

80 907 255 964 gmata
274 898 343 950 ad
362 907 465 950 tam
488 910 734 964 magnum
756 910 1031 949 numerum
1057 905 1301 949 auxerant
1329 905 1381 950 et
1407 913 1526 950 cum
1557 898 1883 965 philosophia
1912 898 1983 950 ita

82 974 458 1036 confuderant,
500 982 557 1025 ut
586 987 829 1025 summus
862 974 977 1025 eius
1004 974 1262 1041 interpres
1289 988 1530 1027 summus
1563 975 1902 1043 philosophus
1931 981 1984 1026 et

82 1054 359 1119 theologus
390 1066 507 1105 esse
538 1060 588 1101 et
608 1050 845 1117 plurimis
862 1046 1137 1102 inutilibus
1156 1051 1604 1119 speculationibus
1624 1067 1800 1105 vacare
1821 1051 1982 1105 debe-

82 1138 184 1192 ret,
232 1128 377 1196 quod
410 1136 611 1180 tantum
650 1128 770 1179 viris
805 1128 1015 1194 privatis
1051 1136 1102 1179 et
1128 1128 1233 1178 otio
1261 1127 1648 1181 abundantibus
1683 1131 1982 1194 contingere

82 1214 275 1273 potest.
352 1209 439 1259 55.
475 1205 548 1257 At
564 1205 703 1272 apud
721 1203 990 1257 Hebraeos
1010 1205 1159 1271 longe
1181 1204 1332 1257 aliter
1347 1220 1430 1257 res
1447 1218 1564 1257 sese
1581 1204 1779 1258 babuit.
1849 1208 1981 1256 Nam

81 1299 265 1336 eorum
294 1284 515 1337 ecelesia
541 1281 699 1334 simul
730 1294 848 1333 cum
878 1282 1099 1348 imperio
1126 1282 1348 1349 incepit,
1385 1288 1436 1334 et
1451 1285 1659 1345 Moses,
1698 1282 1862 1349 quiid
1883 1282 1982 1333 ab-

82 1363 254 1414 solute
275 1361 509 1423 tenebat,
540 1357 793 1427 populum
814 1357 1113 1424 religionem
1134 1359 1340 1421 docuit,
1367 1374 1511 1411 sacra
1531 1359 1820 1412 ministeria
1837 1358 1982 1410 ordi-

82 1442 249 1504 navit,
286 1452 575 1504 eorumque
603 1436 867 1487 ministros
892 1436 1064 1503 elegit.
1136 1436 1276 1489 Hinc
1294 1437 1451 1502 igitur
1467 1443 1644 1489 contra
1665 1436 1858 1489 factum
1879 1443 1978 1499 est,

82 1525 138 1567 ut
162 1516 451 1569 auctoritas
478 1516 615 1581 regia
644 1511 782 1581 apud
812 1513 1067 1580 populum
1095 1514 1318 1566 maxime
1341 1513 1560 1566 valuerit
1587 1522 1638 1566 et
1664 1521 1722 1565 ut
1739 1514 1824 1565 ius
1844 1515 1982 1565 eirca

82 1609 229 1646 sacra
258 1606 407 1659 reges
434 1592 655 1645 maxime
684 1591 963 1643 tenuerint.
1038 1591 1123 1643 56.
1161 1592 1293 1642 Nam
1331 1592 1568 1657 quamvis
1605 1588 1725 1658 post'
1760 1598 1982 1641 mortem

84 1672 247 1724 Mosis
266 1684 425 1723 nemo
444 1670 721 1738 imperium
740 1667 977 1720 absolute
998 1668 1236 1730 tenuerit,
1265 1668 1350 1719 ius
1371 1676 1542 1721 tamen
1561 1667 1856 1721 decretandi
1879 1674 1982 1719 tam

87 1751 222 1800 circa
240 1763 393 1801 sacra
408 1787 425 1812 ‚
465 1760 619 1815 quam
650 1747 785 1798 cirea
802 1744 1001 1813 reliqua
1020 1759 1182 1812 penes
1199 1746 1486 1813 principem
1521 1745 1608 1815 (ut
1625 1747 1728 1798 iam
1741 1745 1984 1811 ,ostendi-

84 1825 235 1894 mus)
256 1833 367 1878 erat
378 1825 467 1894 *);
506 1824 723 1886 deinde,
754 1830 816 1876 ut
834 1822 1062 1892 populus
1081 1823 1384 1890 religionem
1404 1830 1454 1874 et
1473 1825 1716 1891 pietatem
1737 1823 1984 1877 edocere-

82 1911 193 1966 tur,
234 1918 341 1956 non
373 1903 539 1969 magis
556 1899 880 1969 pontificem,
919 1914 1078 1967 quam
1106 1915 1412 1968 supremum
1429 1902 1660 1954 iudicem
1677 1901 1819 1954 adire
1835 1908 1985 1953 tene-

84 1981 255 2033 batur.
329 1979 461 2042 Yide
497 1980 655 2031 Dent.
693 1991 811 2045 cap.
850 1975 935 2030 1⁷.
970 1991 1107 2030 vers.
1147 1979 1251 2030 9-
1268 1979 1353 2032 11.
1427 1978 1513 2031 57.
1550 1981 1720 2045 Reges
1755 1978 1986 2043 denique

85 2059 326 2131 quamvis
354 2072 457 2109 non
487 2056 701 2123 aequale
727 2069 787 2107 ac
812 2057 993 2108 Moses
1019 2055 1103 2107 ius
1132 2053 1434 2118 habuerint,
1455 2057 1647 2109 omnis
1675 2062 1846 2108 tamen
1876 2054 1983 2105 fere

84 2136 217 2186 sacri
244 2134 519 2186 ministerii
540 2134 665 2186 ordo
686 2139 738 2184 et
753 2131 935 2185 electio
956 2129 1021 2184 ab
1040 2145 1222 2184 eorum
1244 2131 1450 2186 decreto
1468 2131 1744 2200 pendebat.
1813 2129 1982 2183 David

85 2215 225 2263 enim
256 2210 505 2264 fabricam
535 2209 724 2278 templi
735 2216 894 2262 totam
914 2210 1258 2262 concinnavit.
1329 2210 1462 2264 vide
1479 2211 1708 2277 Paralip.
1728 2208 1766 2259 l.
1791 2210 1840 2262 1
1862 2221 1977 2272 cap.

82 2291 167 2341 28.
196 2303 328 2341 vers·
353 2289 437 2340 11.
465 2289 549 2342 12.
573 2286 671 2339 etc.
744 2287 818 2338 Ex
849 2263 1095 2339 omnibus
1124 2285 1312 2339 deinde
1339 2289 1532 2340 Levitis
1563 2285 1738 2354 viginti
1760 2291 1982 2350 quatuor

84 2365 248 2417 millia
290 2365 445 2431 elegit
470 2364 536 2416 ad
564 2359 923 2431 psallendum,
964 2370 1015 2416 et
1042 2377 1135 2416 sex
1160 2364 1350 2424 millia,
1393 2379 1451 2417 ex
1477 2361 1672 2430 quibus
1697 2361 1900 2416 iudices
1929 2366 1982 2412 et

87 2451 351 2509 praetores
378 2443 719 2508 eligerentur-3
760 2448 983 2507 quatuor
1010 2441 1200 2492 deinde
1228 2441 1391 2494 millia
1418 2441 1725 2504 ianitorum,
1765 2447 1818 2492 et
1844 2453 1980 2504 qua-

88 2530 207 2571 tuor
242 2519 470 2585 denique
506 2518 699 2581 millia,
737 2517 830 2585 qui
869 2518 1075 2582 organis
1109 2525 1370 2570 canerent.
1441 2516 1573 2570 Vide
1599 2516 1834 2569 eiusdem
1860 2515 1980 2567 libri

88 2612 200 2665 cap.
225 2597 316 2651 23.
344 2611 461 2648 vers
479 2598 532 2648 4.
558 2598 610 2648 5.
683 2593 766 2647 58.
805 2595 964 2646 Porro
993 2593 1206 2648 eosdem
1223 2597 1280 2646 in
1301 2593 1537 2647 cohortes
1557 2593 1806 2664 (quarum
1826 2594 1980 2645 etiam

90 2676 361 2742 primarios
380 2673 561 2742 elegit)
584 2668 773 2736 divisit,
799 2679 860 2724 ut
878 2685 1224 2738 unaquaeque
1244 2678 1592 2740 suo-tempore
1612 2671 1827 2725 servatis
1845 2671 1978 2722 vici-

89 2754 189 2804 bus
208 2751 613 2803 administraret.
667 2749 799 2801 Vide
818 2763 950 2802 vers.
972 2750 1024 2802 6.
1046 2749 1277 2801 eiusdem
1298 2763 1414 2817 cap.
1469 2747 1777 2804 Sacerdotes
1797 2747 1980 2802 itidem

90 2831 140 2881 in
178 2835 253 2880 tot
282 2827 519 2879 cohortes
549 2826 741 2880 divisit.
813 2827 905 2880 59.
938 2826 1042 2878 Sed
1079 2839 1143 2878 ne
1170 2828 1342 2879 omnia
1377 2827 1675 2895 singulatim
1711 2842 1978 2881 recensere

90 2915 295 2968 tenear,
334 2903 577 2956 lectorem
604 2903 768 2956 refero
798 2903 866 2956 ad
892 2903 985 2956 lib.
1002 2905 1055 2959 2.
1074 2905 1303 2971 Paralip.
1323 2919 1440 2972 cap.
1461 2907 1514 2958 8·.
1531 2944 1544 2967 ,
1585 2905 1676 2958 ubi
1701 2919 1835 2958 vers.
1857 2905 1975 2958 scil.

94 2983 175 3036 13.
198 2982 415 3046 dicitur,
444 2981 645 3033 cultum
661 2981 795 3050 Dei,
822 2983 987 3032 sicuti
1004 2982 1225 3034 amdam
1242 2981 1414 3036 Moses
1437 2985 1774 3047 instituerat,
1796 2983 1978 3049 fuisse

190 3155 233 3208 ⁸)
270 3151 375 3197 vid.
394 3162 540 3208 supra
558 3153 601 3206 ς.
621 3153 689 3194 38.
710 3149 769 3197 cl.
790 3163 895 3210 cap.
915 3152 979 3196 1¹1.
1001 3155 1044 3207 ς.
1063 3154 1130 3195 41.
1154 3115 1261 3210 squ.
