2350 3475
327 79 448 142 1⁰⁴
727 76 1118 126 TRAcTATUS
1135 71 1813 124 “riiEoLufflOo-Pour.

327 264 382 314 in
419 257 834 327 obtemperandis
871 256 1086 322 spiritus
1133 255 1298 306 sancti
1339 253 1694 315 documentis,
1740 265 1899 320 qnam
1932 254 1989 306 in
2026 247 2227 308 defen-

327 339 513 391 dendis
543 338 812 390 hominum
841 332 1150 384 commentis
1175 333 1276 383 sita
1294 333 1388 391 slt3
1427 332 1533 382 imo
1562 337 1619 382 ut
1645 330 1821 397 religio
1849 345 1953 384 non
1982 333 2222 394 caritate,

325 417 421 468 sed
453 411 854 467 disseminandis
883 409 1157 462 discordiis
1187 410 1319 460 inter
1348 407 1587 461 homines
1608 416 1667 460 ‘et
1690 409 1811 460 odio
1838 408 2227 476 infensissimo,

328 492 468 560 quod
498 492 628 544 falso
655 488 864 540 nomine
891 485 988 538 zeli
1021 486 1178 538 divini
1206 485 1499 538 et'ardentis
1528 485 1689 536 studii
1708 486 2049 550 adumbrant,
2090 502 2227 555 pro—

327 567 560 638 pagando
599 566 938 618 contineatur.
1007 562 1094 616 Ad
1131 563 1257 616 haec
1295 562 1427 614 mala
1463 564 1680 615 accessit
1714 564 2040 630 superstitio,
2082 579 2229 632 quae

329 649 564 699 homines
595 644 844 694 rationem
873 646 924 692 et
955 648 1189 691 naturam
1218 647 1547 692 contemnere
1574 641 1723 692 docet
1751 649 1803 692 et
1822 641 1879 692 id
1896 648 2099 694 tantum
2120 643 2226 694 ad-

329 722 504 774 mirari
533 735 592 771 ac
620 721 877 783 venerari,
918 718 1058 784 quod
1093 717 1217 768 huic
1252 717 1433 783 utique
1469 727 1738 785 repugnat.
1812 719 1863 770 5.
1902 719 2074 783 Quare
2110 735 2225 771 non

330 801 521 851 mirum
551 805 656 858 est,
699 796 840 862 quod
871 795 1135 856 homines,
1176 800 1236 844 nt
1265 794 1581 860 scripturam
1618 795 1794 861 magis
1820 795 2141 848 admirentur
2170 805 2228 848 et

328 881 664 936 venerentur,
701 888 814 924 eam
833 875 904 924 ita
925 872 1174 938 explicare
1194 871 1465 934 studeant,
1506 871 1691 934 uthis,
1730 873 1915 924 rationi
1942 874 2139 925 scilicet
2168 884 2227 926 et

329 960 572 1014 naturae,
620 965 776 1017 quam
813 951 1035 1001 maxime
1070 962 1357 1015 repugnare
1396 949 1652 1012 videatur,
1702 949 1925 1016 ideoque
1961 951 2015 1001 in
2053 955 2223 1004 sacris

330 1031 492 1082 literis
513 1027 922 1095 profundissima
939 1027 1180 1093 mysteria
1198 1026 1354 1078 latere
1373 1027 1663 1088 somniant,
1704 1034 1757 1078 et
1784 1028 1950 1092 iniis,
1990 1027 2090 1079 hoc
2118 1037 2215 1092 est,

329 1110 400 1158 ita
417 1105 659 1158 absurdis
681 1104 1066 1168 investigandis,
1105 1103 1289 1154 ceteris
1308 1102 1525 1154 utilibus
1545 1103 1809 1168 neglectis,
1850 1104 2212 1171 defatigantur,

331 1192 382 1236 et
399 1182 648 1250 quicquid
669 1183 744 1232 sic
765 1180 1026 1234 delirando
1045 1179 1275 1246 fingunt,
1309 1179 1361 1230 id
1384 1195 1540 1232 omne
1560 1181 1765 1246 spiritui
1784 1189 1963 1233 sancto
1980 1181 2223 1234 tribuunt
2331 1183 2332 1214 ἲ

332 1269 382 1315 et
417 1274 620 1313 summa
659 1260 706 1312 vi
741 1269 896 1324 atque
934 1257 1211 1310 affectuum
1245 1259 1447 1323 impetu
1484 1257 1760 1310 defendere
1798 1264 2069 1311 conantur.
2144 1261 2221 1310 Ita

330 1339 468 1390 enim
489 1351 610 1390 cum
629 1335 928 1388 hominibus
947 1342 1301 1402 comparatum
1324 1341 1403 1384 est
1413 1371 1431 1398 ‚
1454 1342 1513 1385 ut
1530 1336 1780 1401 quicquid
1802 1351 1931 1402 puro
1951 1335 2217 1388 intellectu

329 1417 653 1482 concipiunt,
695 1413 808 1472 solo
837 1413 1097 1464 intellectu
1129 1419 1183 1462 et
1208 1413 1432 1473 rationc‚
1473 1413 1723 1478 quicquid
1751 1419 1927 1465 eontra
1961 1427 2022 1464 ex
2058 1416 2219 1466 animi

329 1492 602 1546 affectibus
631 1491 934 1556 opinantur,
975 1488 1164 1540 iisdem
1200 1490 1355 1540 etiam
1383 1488 1683 1540 defendant.
1757 1489 1810 1540 6.
1846 1491 1914 1541 Ut
1948 1497 2125 1542 autem
2153 1491 2219 1542 ab

330 1572 414 1622 his
442 1567 610 1620 turbis
637 1569 940 1618 extricemur
969 1573 1020 1618 et
1047 1573 1273 1616 mentem
1302 1580 1331 1616 a
1350 1567 1679 1633 praeiudiciis
1698 1567 1999 1633 theologicis
2022 1566 2219 1619 libere-

331 1660 478 1707 mus,
518 1659 613 1696 nec
639 1651 828 1696 temere
857 1641 1126 1694 hominum
1149 1641 1389 1707 figmenta
1410 1657 1505 1709 pro
1524 1643 1711 1695 divinis
1740 1644 2067 1695 documentis
2100 1660 2219 1696 am-

332 1722 642 1790 plectamur,
699 1718 854 1771 nobis
899 1719 974 1771 de
1017 1732 1156 1772 vera
1212 1719 1511 1772 methodo
1554 1720 1955 1788 scripturam
2009 1724 2222 1775 inter-

330 1798 628 1867 pretandi
676 1797 934 1864 agendum
983 1803 1064 1849 est
1097 1803 1148 1847 et
1184 1796 1248 1847 de
1282 1796 1465 1849 eadem
1503 1797 1890 1859 disserendum:
1950 1800 2043 1851 hac
2079 1802 2219 1852 enim

332 1879 562 1941 ignorata
591 1874 718 1928 nihil
747 1882 884 1925 certo
901 1875 1034 1925 scire
1055 1888 1368 1941 possumus,
1406 1875 1531 1940 qnid
1552 1876 1815 1943 Scriptura
1832 1916 1847 1937 ,
1886 1878 2078 1943 quidve
2107 1879 2223 1945 spi-

333 1954 462 2005 ritus
483 1960 696 2005 sanctus
717 1952 898 2005 docere
919 1951 1043 2003 vult.
1116 1952 1249 2003 Eam
1271 1960 1441 2003 antem
1456 1992 1471 2015 ‚
1511 1961 1569 2004 ut
1588 1953 1669 2003 liic
1686 1954 1867 2019 paucis
1886 1953 2217 2019 complectar,

334 2031 450 2082 dico
471 2028 782 2086 ¹methodum
810 2030 1176 2095 interpretandi
1200 2030 1515 2095 scripturam
1545 2030 1683 2080 haud
1706 2029 1907 2081 differre
1928 2045 1956 2080 a
1974 2032 2221 2083 methodo

334 2106 700 2173 interpretandi
730 2114 989 2167 naturam,
1029 2105 1122 2157 sed
1153 2120 1271 2157 cum
1302 2121 1361 2157 ea
1391 2120 1605 2173 prorsus
1634 2108 1924 2159 convenire.
1996 2106 2049 2160 Τ.
2088 2110 2221 2160 Nam

335 2186 487 2235 sicuti
524 2181 800 2235 methodus
836 2182 1205 2249 interpretandi
1242 2192 1477 2235 naturam
1508 2185 1560 2235 in
1588 2182 1683 2235 hoc
1722 2185 2057 2249 potissimum
2095 2200 2225 2237 con-
2331 2222 2332 2235 ,

333 2262 498 2322 sistit,
539 2261 589 2311 in
612 2261 966 2317 concinnanda
987 2262 1181 2313 scilicet
1199 2260 1411 2314 historia
1432 2267 1645 2312 naturae
1660 2300 1673 2322 ,
1714 2274 1773 2311 ex
1792 2275 1893 2327 qua
1909 2300 1923 2323 ,
1962 2268 2139 2327 utpote
2160 2277 2224 2313 ex

334 2339 484 2389 certis
505 2338 660 2399 datiS,
683 2351 854 2389 rerum
875 2337 1189 2389 natura-lium
1210 2336 1532 2389 definitiones
1552 2336 1941 2389 concludimus:
1968 2340 2045 2389 sic
2064 2340 2221 2389 etiam

333 2415 398 2467 ad
421 2416 734 2482 scripturam
755 2414 1189 2481 interpretandam
1208 2428 1421 2465 necesse
1441 2421 1522 2465 est
1539 2416 1653 2466 eius
1673 2415 1929 2466 sinceram
1954 2414 2223 2466 historiam

335 2493 586 2544 adornare
622 2498 672 2543 et
707 2506 768 2543 ex
805 2504 864 2543 ea
901 2498 1149 2555 tanquam
1175 2506 1237 2542 ex
1265 2491 1417 2543 certis
1446 2490 1578 2543 datis
1598 2500 1659 2543 et
1686 2493 1955 2559 principiis
1993 2499 2222 2543 mentem

335 2578 602 2622 auctorum
637 2568 926 2634 Scripturae
953 2567 1195 2633 legitimis
1226 2570 1609 2634 consequentiis
1638 2568 1963 2621 conc-ludere.
2036 2569 2093 2621 8.
2132 2570 2223 2621 Sic

335 2648 472 2697 enim
501 2646 866 2711 unusquisqne
895 2644 969 2713 (si
1000 2647 1242 2697 nimirum
1272 2645 1411 2697 nulla
1438 2645 1539 2697 alia
1574 2646 1854 2712 principia,
1894 2658 2063 2713 neque
2104 2646 2224 2697 data
2331 2666 2332 2669 ¹

335 2722 402 2773 ad
431 2720 860 2787 interpretandam
891 2722 1206 2789 Scripturam
1240 2729 1291 2774 et
1317 2722 1381 2773 de
1400 2721 1586 2782 rebus,
1626 2725 1827 2790 quaein
1849 2723 2031 2774 eadem
2050 2725 2223 2775 conti-

337 2805 550 2859 nentur,
591 2798 982 2861 disserendum,
1021 2798 1313 2861 admiserit,
1353 2799 1457 2851 nisi
1488 2814 1549 2851 ea
1568 2799 1957 2862 tantummodo,
2000 2812 2134 2865 qnae
2162 2814 2225 2853 ex
2331 2834 2332 2837 =

334 2876 448 2939 ipsa
483 2873 742 2939 Scriptura
771 2876 986 2939 eiusque
1014 2875 1229 2928 historia
1259 2876 1661 2945 depromuntur)
1700 2879 1813 2929 sine
1848 2876 1955 2928 ullo
1990 2878 2223 2943 periculo

337 2950 536 3001 errandi
555 2965 760 3017 semper
778 2952 1020 3017 procedet
1037 2952 1169 3003 etde
1192 2954 1282 3015 iis,
1310 2968 1442 3020 quae
1462 2962 1697 3006 nostrum
1719 2961 1927 3021 captum
1948 2963 2219 3019 superant,

337 3040 502 3095 aeque
531 3040 711 3079 secure
740 3027 991 3081 disserere
1019 3030 1240 3097 poterit,
1278 3044 1337 3082 ac
1362 3030 1431 3084 de
1460 3032 1555 3099 iis,
1592 3044 1727 3101 quae
1760 3031 1961 3085 lumine
1995 3034 2223 3085 naturali
