2350 3475
891 154 1030 199 car.
1083 153 1148 197 11.
1227 194 1233 201 .
1882 150 1963 209 35

84 334 256 388 cedere
283 347 607 400 possumus,
645 330 951 401 prophetas,
995 331 1082 395 qui
1113 329 1244 382 nihil
1274 331 1420 391 novi,
1460 330 1561 381 nisi
1600 329 1741 396 quod
1776 332 1829 381 in
1858 332 1967 397 lege

83 412 240 465 mosis
270 412 591 472 continetur,
634 407 1038 477 prophetabant,
1077 422 1182 459 non
1212 406 1501 472 indiguisse
1529 408 1709 473 signo,
1750 408 1872 472 quia
1908 424 1969 459 et

85 489 186 554 lege
221 486 680 545 confirmabantur.
751 488 844 539 Ex.
883 492 966 551 gr.
1002 484 1270 551 prophetia
1305 485 1552 541 let-emine
1588 483 1653 535 de
1688 484 1967 536 vastatione
2000 516 2005 520 -

85 564 468 629 Hierosolymae
497 561 898 615 confirmabatur
924 562 1207 629 prophetiis
1244 560 1562 627 reliquorum
1600 560 1967 628 prophetarum

86 650 131 691 et
163 642 320 692 minis
362 640 519 706 legis·;
563 640 784 706 ideoque
821 642 974 705 signo
1011 654 1114 690 non
1151 637 1436 704 indigebat.
1512 638 1615 691 Sed
1653 638 1963 703 chananitis,

89 720 168 783 qui
199 719 388 769 contra
409 731 600 769 omnes·
623 716 903 805 prophetas
931 717 1084 767 citam
1115 717 1339 767 civitatis
1374 716 1801 768 restaurationem
1838 730 1967 781 pro-

9 798 15 813 ³
87 794 346 860 phetabat,
387 796 537 859 signo
563 796 854 846 necessario
884 792 1172 859 indigebam
1214 792 1343 843 alias
1362 791 1426 843 de
1446 807 1542 845 sua
1572 792 1841 859 prephetia
1858 792 1969 843 du-

89 872 238 937 hilare
257 870 488 934 deberet,
530 871 695 923 donec
715 877 928 922 eventus
947 872 1018 921 rei
1038 869 1135 921 ab
1124 885 1238 936 ipso
1260 870 1545 936 praedictae
1565 885 1717 922 suam
1736 870 1968 939 prophe·
2072 920 2077 925 .

10 946 15 973 ·“
89 952 201 999 tiam
221 948 570 1000 confirmaret.
642 947 772 999 Vide
792 949 976 1000 Ierem.
997 962 1108 1013 cap.
1129 948 1217 1003 28.
1240 962 1287 998 v.
1310 948 1361 999 9.

187 1026 270 1079 12.
311 1025 490 1089 Quum
521 1026 692 1090 itaque
723 1025 1010 1095 certitudo,
1049 1039 1184 1089 quae
1215 1038 1274 1077 ex
1294 1025 1489 1089 signis
1476 1040 1529 1075 in
1549 1024 1817 1092 prophetis
1834 1026 1971 1076 orie·-

87 1102 231 1155 batur
244 1141 258 1165 ,
283 1117 392 1157 non
413 1089 773 1155 mathematica
793 1101 920 1167 (hoc
939 1108 1044 1163 est,
1069 1116 1202 1167 quae
1223 1116 1283 1153 ex
1302 1102 1611 1165 necessitate
1630 1103 1973 1169 perceptionis

90 1182 156 1232 rei
193 1187 465 1247 perceptae
501 1186 592 1231 aut
621 1179 762 1231 visae
792 1179 1094 1246 sequitur),
1136 1179 1230 1230 sed
1264 1185 1465 1231 tantum
1505 1179 1713 1231 moralis
1748 1185 1883 1243 erat,
1925 1185 1977 1230 et

10 1274 12 1277 ’
89 1258 228 1322 signa
247 1272 352 1309 non
373 1257 478 1309 nisi
495 1258 562 1309 ad
583 1256 862 1324 prophetae
881 1255 1301 1323 persuadendum
1322 1254 1607 1319 dabantur,
1646 1255 1769 1307 hine
1786 1256 1973 1321 sequi-

9 1360 14 1381 ι
89 1342 190 1395 tur,
221 1334 370 1400 signa
391 1349 482 1401 pro
501 1331 836 1401 opinionibus
856 1339 908 1383 et
927 1334 1207 1398 capacitate
1233 1332 1511 1399 prophetae
1533 1332 1649 1383 data
1666 1331 1863 1391 fuisse3
1904 1334 1975 1381 ita

90 1418 144 1459 ut
171 1412 407 1477 signum,
449 1411 587 1477 quod
617 1426 784 1463 unum
813 1409 1114 1477 prophetam
1143 1417 1341 1461 eertum
1368 1407 1604 1461 redderet
1640 1408 1707 1459 de
1734 1422 1829 1459 sue
1850 1422 1975 1474 pro—

10 1530 12 1557 !
89 1486 282 1553 phetia,
314 1488 500 1551 alium,
535 1489 622 1553 qui
651 1487 768 1538 aliis
800 1495 937 1539 esset
961 1485 1195 1537 imbutus
1216 1484 1577 1553 opinionibus,
1610 1486 1823 1537 minime
1841 1498 1973 1535 con-

91 1566 282 1616 vincere
316 1572 526 1631 posset;
567 1572 616 1616 et
643 1565 760 1617 ideo
792 1566 939 1631 signa
966 1565 1022 1615 in
1053 1578 1371 1629 unoquoque
1410 1562 1657 1629 propheta
1692 1559 1973 1613 variabant.

95 1642 166 1693 13.
204 1644 293 1694 Sic
315 1642 469 1693 etiam
491 1644 604 1710 ipsa
624 1642 862 1693 revelatio
882 1640 1136 1703 variabat,
1169 1649 1226 1694 ut
1245 1642 1347 1691 iam
1370 1640 1625 1703 diximus,
1662 1640 1714 1689 in
1735 1653 1977 1704 unoquo-

93 1734 184 1784 que
210 1719 464 1786 propheta
483 1734 577 1788 pro
595 1719 938 1809 dispositione
960 1718 1349 1786 temperamenti
1369 1718 1621 1784 corporis,
1654 1717 1978 1784 imaginatio—
2009 1761 2015 1767 .

89 1799 185 1862 nis,
221 1805 278 1850 et
299 1812 396 1863 pro
416 1798 610 1850 ratione
631 1797 963 1862 opinionum,
1007 1812 1140 1862 quas
1159 1804 1307 1848 antea
1327 1795 1593 1862 amplexus
1622 1795 1807 1847 fuerat.
1876 1797 1978 1846 Pro

87 1877 276 1927 ratione
309 1876 452 1928 enim
481 1875 871 1940 temperamenti
896 1873 1124 1927 variabat
1161 1873 1261 1924 hoe
1296 1873 1483 1936 modo,
1524 1879 1741 1938 nempe.
1780 1866 1825 1923 si'
1855 1887 1979 1940 pro-

10 1985 17 2026 ⁵,
84 1952 230 2017 pheta
249 1960 376 2004 erat·
384 1952 582 2014 hilariS,
621 1951 667 2002 ei
689 1951 1040 2003 revelabantur
1058 1952 1327 2011 victoriae,
1369 1965 1465 2016 pax
1482 1957 1533 2002 et
1552 1964 1684 2015 quae
1702 1965 1855 2016 porro
1878 1949 1977 2001 bo-

83 2030 246 2081 mines
279 2028 349 2080 ad
379 2029 621 2083 laetitiam
653 2035 856 2080 movent
884 2028 1217 2094 (tales-enim
1246 2027 1435 2086 similia
1463 2028 1670 2093 saepius
1707 2028 1976 2092 imaginari

83 2106 313 2174 solent);
353 2107 401 2156 si
432 2112 606 2157 contra
636 2106 798 2157 tristis
827 2112 964 2164 erat,
1001 2105 1161 2168 bella,
1204 2103 1461 2170 supplicia
1490 2111 1540 2155 et
1568 2104 1741 2154 omnia
1768 2105 1901 2154 mala
1930 2106 1977 2154 ei
2010 2115 2015 2122 ·

81 2183 468 2244 revelabantur;
509 2190 559 2234 et
589 2183 664 2233 sic
683 2189 839 2248 prout
857 2181 1104 2248 propheta
1125 2189 1233 2232 erat
1251 2179 1572 2243 misericors,
1600 2180 1852 2243 blanduS,
1874 2183 1979 2233 ira-

79 2261 319 2322 cunduS,
361 2274 574 2312 severus
593 2267 730 2322 etc„
771 2266 988 2310 eatenus
1007 2260 1169 2323 magis
1190 2264 1341 2324 aptus
1363 2265 1471 2310 erat
1488 2259 1553 2308 ad
1572 2259 1696 2319 has,
1738 2273 1893 2324 quam
1912 2258 1977 2309 ad

78 2339 200 2390 illas
228 2336 594 2390 revelationes.
669 2337 751 2389 14.
790 2337 887 2388 Pro
919 2335 1257 2402 dispositione
1284 2335 1667 2401 imaginationis
1696 2341 1865 2386 autem
1904 2336 1981 2385 sic

79 2418 234 2466 etiam
253 2413 521 2476 variabat,
555 2427 768 2482 nempe·
809 2415 854 2464 si
878 2411 1120 2479 propheta
1147 2419 1255 2464 erat
1276 2413 1509 2476 elegans,
1552 2412 1683 2479 stylo
1703 2411 1855 2462 etiam
1875 2411 1980 2462 ele-
2010 2456 2017 2467 .

77 2493 219 2557 ganti
247 2491 350 2542 Dei
381 2499 610 2544 mentem
640 2489 981 2556 percipiebat,
1027 2490 1110 2540 sin
1139 2497 1315 2541 autem
1335 2489 1616 2552 confusus,
1648 2487 1891 2549 conius'03
1928 2497 1979 2541 et
2011 2519 2017 2524 -

77 2573 154 2622 sie
172 2582 336 2636 porro
354 2569 490 2622 circa
509 2568 876 2628 revelationes
904 2582 1037 2632 quae
1059 2580 1150 2634 per
1167 2567 1421 2634 imagines
1441 2564 1975 2633 repraesentabantur,

80 2661 307 2714 nempe:
346 2647 396 2696 si
424 2645 670 2710 propbeta
702 2651 810 2696 erat
837 2646 1094 2707 rusticus,
1132 2644 1291 2696 boves
1328 2652 1381 2696 et
1396 2657 1587 2711 vaccae
1614 2649 1743 2705 ete„
1786 2643 1831 2693 si
1862 2658 1979 2694 vero

83 2725 263 2786 miles,
300 2723 494 2783 duces,
525 2723 803 2784 exercituS,
840 2722 886 2772 si
905 2722 1132 2786 denique
1150 2721 1379 2784 aulicm,
1412 2720 1600 2772 solium
1620 2721 1816 2784 regium
1837 2727 1887 2771 et
1904 2721 1981 2780 sif-
2013 2784 2018 2791 Ι

10 2815 12 2868 ξ
83 2802 225 2852 milia
243 2801 351 2867 ipsi
373 2791 907 2865 repraesentabantur.
979 2800 1068 2852 15.
1105 2801 1341 2865 Denique
1362 2796 1587 2864 variabat
1608 2795 1869 2866 prophetia
1888 2813 1982 2863 pro

10 2871 15 2890 ⁵
86 2878 388 2931 diversitate
407 2877 714 2943 opinionum
733 2875 1128 2943 prophetarum;
1173 2891 1361 2944 nempe
1390 2875 1559 2941 magis
1576 2873 1718 2942 (vide
1734 2873 1981 2928 Matthaei

88 2971 200 3021 cap.
234 2954 355 3022 2.),
393 2955 486 3020 qui
522 2955 674 3020 nugis
711 2954 1013 3021 astrologiae
1051 2951 1354 3014 eredebant,
1397 2953 1625 3007 revelata
1658 2950 1757 3004 fuit
1792 2951 1981 3007 Christi

10 3043 12 3046 ’
89 3035 327 3084 nativitas
365 3046 459 3098 per
486 3031 904 3096 imaginationem
935 3029 1112 3082 stellae
1141 3032 1195 3081 in
1226 3029 1417 3081 oriente
1446 3036 1603 3082 ortae.
1672 3026 1979 3094 Auguribus

10 3117 12 3122 '
88 3108 612 3163 Nabueadonossoris
635 3105 780 3176 (vide
797 3107 1080 3160 Ezechielis
1101 3121 1215 3174 cap.
1236 3107 1323 3162 21.
1346 3105 1525 3173 v.26.)
1545 3108 1599 3158 in
1620 3106 1751 3158 extis
1767 3105 1978 3159 revelata

1482 3191 1555 3244 3*
