2350 3475
933 120 1166 167 cani.
1258 87 1263 91 ’
1838 116 1993 200 ,31

105 301 361 365 ignorare.
435 300 728 351 Potuisscm
751 298 962 365 quidem
977 331 992 360 ,
1025 306 1084 349 ιιι
1101 297 1219 359 alii,
1258 297 1429 349 dicere
1444 336 1457 360 ‚
1496 312 1589 365 pcr
1602 298 1701 349 Dei
1719 296 2001 364 potentiani

107 376 300 427 iactum
321 376 514 436 fuisse;
540 382 764 426 attamen
783 375 970 441 garrire
989 374 1207 427 viderer.
1264 376 1395 427 Nam
1414 376 1551 427 idem
1570 380 1731 438 essct,
1752 388 1813 426 ac
1830 376 1877 427 si
1896 383 2003 427 ter-

8 456 11 499 ἰ
108 455 250 503 mino
277 452 457 518 aliquo
485 452 918 503 transcendcutali
947 452 1166 503 formam
1194 452 1415 503 alicuius
1444 453 1516 503 rei
1544 451 1823 517 singularis
1848 452 2002 506 velim

109 530 378 596 explicare.
455 530 642 581 Omnia
671 531 810 580 enim
841 543 932 595 per
947 530 1042 579 Dei
1073 530 1357 594 potentiam
1384 528 1516 579 facta
1533 534 1677 581 sunt.
1748 530 1861 581 Imo
1881 530 2003 594 quia

8 656 11 661 .
113 616 326 659 naturae
353 607 586 671 potentia
615 606 760 657 nulla
777 614 856 657 est
873 605 974 656 uisi
995 607 1106 670 ipsa
1125 606 1221 656 Dei
1241 606 1465 670 potentia
1482 644 1497 667 ,
1537 612 1733 657 certum
1755 612 1863 667 est,
1904 618 2003 657 nos

114 693 326 737 catenus
346 684 448 734 Dei
469 685 748 749 potentiam
770 694 872 734 non
894 682 1207 747 intelligere,
1248 689 1509 748 quatenus
1536 696 1725 733 causas
1746 684 2003 734 naturales

8 790 13 803 ν
111 765 442 827 ignoramus3
481 760 717 825 adeoque
743 760 900 811 stulte
929 758 994 809 ad
1023 759 1243 811 eandem
1270 760 1367 810 Dei
1394 760 1679 825 potentiam
1707 760 2001 831 recurritur,

8 2793 15 2888 ..ῤ-
8 2605 10 2686 vvv—
8 2519 11 2562 v-vv

114 838 322 903 quando
341 838 416 889 rei
438 838 664 889 alicuius
681 850 894 889 causam
911 836 1197 887 naturalem
1214 872 1229 895 ,
1261 834 1359 887 hoc
1378 842 1486 896 est,
1516 837 1683 902 ipsam
1700 837 1797 888 Dei
1817 845 2006 903 poten-

115 918 234 967 tiam
269 916 598 981 ignoramus.
669 916 862 965 Verum
901 927 996 964 nec
1031 912 1185 965 nobis
1220 913 1325 963 iam
1362 926 1495 978 opus
1532 919 1639 975 est,
1680 914 2007 980 propheticae

115 992 422 1059 cognitionis
443 1005 654 1043 causam
675 992 826 1043 scire.
901 992 1032 1042 Nam
1047 1028 1062 1052 ,
1093 997 1154 1041 ut
1170 992 1274 1041 iam
1294 991 1499 1053 monui,
1539 989 1625 1043 hic
1646 996 1847 1042 tantum
1866 992 2007 1042 Scri-—

115 1078 292 1135 pturae
311 1068 625 1119 documenta
645 1068 948 1134 investigare
967 1081 1233 1129 conamur,
1258 1073 1316 1117 ut
1336 1068 1477 1118 exiis
1491 1106 1505 1126 ,
1525 1074 1773 1132 tanquam
1794 1084 1853 1119 ex
1874 1069 2008 1119 datis

116 1154 326 1199 naturae
347 1185 362 1207 ‚
397 1151 570 1195 nostra
589 1144 991 1206 concludamus;
1029 1144 1462 1198 documentorum
1478 1152 1652 1195 autem
1672 1159 1858 1197 causas
1880 1144 2010 1196 nihil

115 1236 383 1275 curamus,

213 1302 306 1351 45.
363 1300 545 1362 Quum
581 1299 758 1363 itaque
791 1297 1070 1364 prophetae
1109 1297 1491 1363 imaginationis
1528 1311 1625 1363 ope
1660 1298 1758 1347 Dei
1790 1298 2009 1348 revelata

113 1377 468 1444 perceperint,
509 1390 614 1427 non
641 1374 859 1427 dubium
887 1381 992 1436 est,
1033 1388 1124 1426 eos
1155 1374 1311 1425 multa
1338 1378 1475 1425 extra
1504 1373 1797 1424 intellectus
1816 1374 2008 1424 limites

113 1454 382 1519 percipere
419 1452 676 1517 potuisse.
745 1452 881 1503 Nam
917 1465 976 1503 ex
1013 1450 1184 1502 verbis
1220 1458 1273 1501 ct
1301 1450 1615 1515 imaginibus
1648 1451 1797 1513 longe
1834 1448 2011 1514 plures

113 1531 260 1583 ideae
277 1530 526 1596 componi
545 1535 768 1595 possunt
781 1566 796 1589 ,
835 1542 994 1593 quam
1012 1542 1072 1579 ex
1089 1527 1217 1579 solis
1236 1529 1301 1578 iis
1322 1528 1589 1593 principiis
1608 1536 1660 1579 ct
1687 1524 2007 1588 notionibus,

113 1608 314 1674 quihus
333 1614 442 1657 tota
463 1613 640 1659 nostra
657 1605 909 1657 naturalis
929 1606 1152 1670 cognitio
1171 1605 1567 1671 superstruitur.

211 1687 310 1740 46.
345 1686 499 1738 Patet
527 1681 743 1745 deinde,
783 1696 876 1733 cur
904 1682 1181 1748 prophetae
1210 1683 1383 1733 omnia
1414 1682 1519 1731 scre
1548 1680 1835 1746 parabolice
1854 1688 1907 1732 et
1926 1694 2015 1731 ae·-

115 1763 398 1828 nigmaticc
428 1761 756 1828 perceperint
781 1767 833 1810 et
859 1760 1134 1815 docuerint
1157 1767 1211 1810 et
1240 1761 1413 1810 omnia
1441 1759 1729 1825 spiritualia
1770 1773 2015 1824 corpora·—

113 1841 236 1891 liter
269 1839 646 1905 expresserint;
704 1837 830 1890 haec
867 1840 1006 1888 enim
1045 1838 1219 1888 omnia
1254 1852 1373 1888 eum
1412 1846 1595 1888 natura
1631 1837 2016 1902 imaginationis

115 1918 284 1982 magis
313 1916 651 1969 conveniunt.
724 1917 830 1966 Nec
859 1915 962 1965 iam
991 1913 1326 1974 mirabimur,
1364 1927 1457 1965 cur
1484 1914 1751 1979 Scriptura
1776 1915 1854 1965 vel
1892 1928 2018 1979 pro-

115 1995 304 2060 phetae
335 1994 466 2044 adeo
496 1994 776 2060 improprie
805 1999 856 2044 et
881 1992 1104 2042 obscure
1131 1991 1199 2043 de
1223 1991 1321 2041 Dei
1352 1991 1541 2056 spiritu
1577 1991 1683 2040 sive
1720 1999 1893 2042 mente
1928 1989 2015 2041 lo-

113 2079 367 2136 quantur,
393 2077 452 2120 ut
469 2073 681 2122 Numer.
705 2082 821 2134 cap.
839 2071 922 2122 11.
945 2070 1096 2120 ν.17.
1117 2075 1167 2119 et
1190 2069 1213 2120 1
1236 2069 1438 2132 Regum
1458 2081 1571 2132 cap.
1590 2069 1679 2121 22.
1700 2082 1750 2118 v.
1772 2067 1859 2121 21.
1882 2075 2013 2126 etc.;

115 2148 310 2200 deinde
351 2146 496 2212 quod
531 2147 794 2200 Michaeas
811 2145 866 2213 1)
904 2147 1074 2197 Deum
1113 2145 1413 2207 sedentem,
1450 2144 1632 2195 Daniel
1649 2145 1707 2212 ²)
1742 2151 1916 2194 autem
1958 2151 2019 2194 ut

116 2240 300 2277 senem
333 2223 568 2276 vestibus
599 2224 732 2275 albis
763 2223 1035 2282 indutum,
1074 2221 1310 2273 Ezechiel
1332 2235 1458 2278 ,vcro
1478 2221 1631 2273 veluti
1652 2223 1825 2287 ignem
1842 2222 1925 2288 ⁸),
1970 2228 2021 2272 at

117 2304 208 2367 qui
233 2302 448 2354 Christo
477 2301 715 2362 aderant,
757 2301 997 2366 spiritum
1027 2305 1269 2350 sanctum
1298 2305 1356 2349 ut
1376 2295 1671 2350 columbam
1691 2298 2017 2354 descendem-

117 2387 226 2430 tem
242 2379 322 2446 ⁴),
345 2378 568 2444 apostoli
587 2392 705 2429 vero
725 2384 784 2428 ut
801 2377 1006 2440 linguas
1026 2376 1204 2442 igneas
1220 2376 1275 2442 ⁵)
1291 2414 1305 2437 ,
1328 2381 1379 2426 et
1396 2373 1590 2425 Paulus
1610 2374 1833 2440 denique
1852 2377 2019 2440 quum

117 2457 270 2522 prius
287 2462 692 2518 converteretur,
731 2454 900 2505 lucem
921 2465 1164 2517 maguam
1184 2452 1365 2504 viderit
1379 2452 1459 2519 ⁶).
1527 2454 1671 2504 Haec
1690 2453 1825 2501 enim
1848 2455 2018 2504 omnia
2057 2509 2062 2513 ,

115 2548 239 2584 cnm
269 2531 576 2598 vulgaribus
603 2531 668 2582 de
683 2533 794 2583 Deo
815 2538 864 2580 et
883 2528 1158 2595 spiritibus
1178 2529 1638 2594 imaginationibus
1658 2529 1813 2596 plane
1832 2543 2022 2581 conve·-

119 2612 296 2662 ninnt.
372 2608 735 2673 47.·Dcniquc
766 2609 1012 2672 quoniam
1039 2608 1339 2672 imaginatio
1367 2621 1493 2673 vaga
1520 2613 1671 2658 estet
1694 2607 2017 2672 inconstans,

225 2783 272 2831 1)
313 2779 416 2822 vid.
441 2780 460 2818 1
482 2779 592 2833 Reg.
612 2779 682 2834 22,
706 2778 768 2821 ¹9.
825 2769 894 2820 Cf.
917 2776 1094 2820 lesaias
1113 2787 1219 2831 cap.
1240 2777 1280 2818 6.
1300 2787 1340 2820 κ.
1363 2778 1401 2817 1.

224 2842 272 2890 2)
315 2838 434 2882 Dan.
457 2849 500 2884 c.
520 2840 561 2881 ¹1.
583 2850 624 2882 v.
645 2839 686 2878 9.

225 2901 274 2948 3)
315 2898 486 2942 Ezech.
510 2910 550 2942 c.
573 2899 611 2938 1.
633 2909 674 2940 v.
695 2900 736 2940 4.

225 2962 275 3012 4)
317 2959 480 3003 Matth.
504 2970 544 3001 c.
564 2960 606 3000 3.
627 2970 668 3001 v.
692 2957 753 3000 16.
813 2956 911 3002 lob.
935 2969 975 3000 c.
999 2958 1034 2998 i.
1059 2969 1099 3000 v.
1120 2957 1186 2996 32.

229 3021 274 3071 ⁵3
315 3017 416 3062 Act.
437 3030 478 3062 c.
499 3019 538 3058 2.
561 3029 603 3059 v.
623 3019 663 3057 3.

227 3082 276 3133 θ’)
317 3081 416 3130 Act,
435 3079 480 3134 9,
499 3079 542 3123 3.
577 3079 647 3134 22,
665 3078 708 3121 6.
