2350 3475
2328 18 2329 63 ι

385 106 504 166 1-60
773 87 1163 155 macru-us
1202 108 1859 156 Tusozomco-Pom‘r.

376 288 652 341 maximam
670 301 847 341 earnm
865 294 1061 355 partem
1090 286 1442 354 descripserit,
1485 286 1768 339 notandum
1788 325 1803 349 ‚
1845 283 1990 351 quod
2017 282 2270 352 praefecti
2327 276 2329 343 ἱ

369 369 485 420 ‘sive
512 367 771 433 principes
802 366 1111 418 Iudaeorum
1140 366 1194 417 in
1219 365 1448 416 seeundo
1475 362 1694 430 templo,
1733 370 1794 415 ut
1819 377 1997 414 eorum
2027 376 2178 427 reges
2211 363 2270 413 in
2328 344 2329 421 l

376 445 575 511 primo,
614 442 813 495 scribas
840 443 947 495 sive
975 441 1414 509 historiographos
1445 440 1757 503 habuerunt,
1799 441 1890 506 qui
1915 438 2130 491 annales
2157 440 2270 490 sive
2328 438 2329 503 ζ

350 532 557 573 ‘eorum
586 517 971 585 chronologiam
998 520 1292 571 successive
1327 518 1644 569 scribebant.
1715 516 2088 583 Chronologiae
2121 518 2268 567 enim
2328 574 2329 577 Ἴ

376 609 559 664 regum
584 597 693 649 sive
722 596 933 648 annales
960 596 1179 649 inlibris
1195 611 1374 663 regum
1396 596 1588 662 passim
1610 596 1856 656 citantur-3
1897 601 1948 645 at
1965 593 2268 661 principum

374 682 427 725 et
460 673 788 725 sacerdotum
828 674 1045 725 secundi
1082 672 1261 740 templi
1296 675 1519 723 citantur
1557 672 1724 737 primo
1759 672 1812 722 in
1850 670 1944 722 lib.
1983 669 2268 723 Nehemiae
2328 672 2329 677 ’

374 764 489 818 cap.
526 750 611 803 12.
650 764 787 803 vers.
818 750 937 813 23„
992 750 1180 802 deinde
1217 751 1270 800 in
1304 749 1480 803 Mach.
1519 747 1612 800 lib.
1647 750 1695 801 1.
1733 762 1848 814 cap.
1882 750 1968 800 16.
2005 761 2143 799 vers.
2172 749 2264 800 24.
2328 786 2329 815 3

373 830 461 882 25.
482 829 551 879 Et
566 828 683 880 sine
700 826 861 879 dubio
880 827 964 879 bic
980 827 1068 879 ilie
1086 834 1166 879 est
1183 827 1313 879 iiber
1330 826 1474 894 (vide
1493 826 1610 877 Est.
1631 840 1746 892 cap.
1769 828 1820 879 9.
1842 838 1975 878 vers.
1989 824 2075 879 29.
2091 829 2266 890 sqq.)‚
2328 838 2329 881 g

374 906 439 957 de
461 919 565 971 quo
584 904 740 957 modo
759 904 919 957 locuti
936 918 1125 957 sumus
1137 943 1151 966 ,
1186 902 1277 955 uhi
1297 902 1521 956 edictum
1539 902 1740 954 Esteris
1759 909 1812 955 et
1828 901 1913 955 illa
1931 901 2268 955 Mardochaei
2328 926 2329 929 ¹

374 983 565 1048 scripta
594 988 765 1044 erant,
806 996 1068 1048 quemque
1098 994 1216 1032 cum
1244 979 1397 1033 Aben
1427 982 1592 1032 Hezra
1619 980 1838 1049 periisse
1867 978 2116 1031 diximus.
2189 979 2270 1029 Ex

374 1058 471 1110 hoc
496 1060 652 1125 igitur
678 1058 809 1110 libro
835 1060 1037 1119 omnia,
1079 1072 1214 1123 quae
1249 1059 1302 1108 in
1340 1057 1482 1109 hisce
1518 1057 1865 1119 continentur,
1907 1056 2150 1107 desnmta
2184 1055 2267 1107 vel
2328 1108 2329 1111 ,

374 1136 634 1202 descripta
664 1134 926 1195 videntum
968 1134 1147 1185 nulius
1178 1136 1316 1185 enim
1345 1134 1480 1185 alius
1505 1133 1572 1185 ab
1593 1148 1771 1185 eorum
1793 1134 2040 1199 scriptore
2055 1134 2265 1193 citatur,
2328 1186 2329 1201 1

372 1226 545 1277 neque
560 1212 732 1263 nilum
750 1206 913 1264 a'lium
934 1211 1171 1278 publicae
1191 1210 1504 1262 auctoritatis
1525 1211 1784 1263 novimus.
1854 1212 1942 1265 26.
1983 1208 2142 1271 Quod
2161 1224 2269 1260 au-

373 1296 479 1341 tem
496 1287 687 1340 bilibri
708 1303 805 1340 nec
832 1288 897 1341 ab
916 1288 1081 1340 Hezra
1097 1328 1109 1349 ‚
1151 1302 1245 1339 nec
1263 1302 1292 1338 a
1312 1286 1556 1338 Nehemia
1584 1288 1762 1353 scripti
1789 1286 2005 1350 fuerint,
2044 1291 2192 1352 patet
2208 1299 2268 1337 ex

374 1380 463 1426 eo,
503 1365 645 1431 quod
673 1365 888 1417 Nebem.
911 1379 1024 1431 cap.
1048 1366 1131 1417 12.
1154 1378 1204 1415 v.
1226 1364 1277 1416 9.
1304 1366 1386 1416 10.
1415 1362 1716 1428 producitur
1743 1360 2040 1429 genealogia
2066 1365 2268 1414 summi

372 1442 631 1509 pontificis
662 1441 915 1508 Iesnhgae
944 1456 1117 1507 usque
1144 1442 1209 1494 ad
1240 1439 1461 1502 Iaduah‚
1503 1447 1704 1491 sextum
1735 1440 1932 1491 scilicet
1965 1438 2267 1505 pontificem
2328 1446 2329 1505 j

373 1528 427 1569 et
464 1521 557 1585 qui
588 1519 879 1575 Alexandro
907 1522 1123 1584 Magno,
1162 1520 1266 1569 iam
1309 1518 1414 1568 fere
1453 1518 1726 1568 Persarum
1765 1517 1980 1583 imperio
2015 1514 2266 1577 subacto,
2328 1512 2329 1577 l

374 1594 579 1647 obviam
608 1596 701 1646 ivit
729 1595 873 1662 (vide
890 1596 1097 1662 Iosephi
1112 1594 1293 1659 Antiq.
1315 1592 1410 1645 lib.
1433 1593 1518 1645 11.
1539 1606 1657 1658 cap.
1676 1592 1786 1658 8.),
1823 1592 1904 1645 vel
1923 1599 1984 1644 ut
1996 1591 2150 1644 Philo
2171 1595 2271 1643 Iu·-

374 1671 539 1723 daens
564 1674 621 1722 in
652 1670 785 1723 libro
808 1676 1097 1737 temporum
1120 1672 1216 1733 ait,
1256 1676 1454 1721 sextum
1477 1677 1528 1719 et
1545 1669 1787 1721 ultimum
1809 1668 1912 1722 sub
1933 1669 2106 1721 Persis
2125 1683 2271 1735 pon-

373 1748 582 1800 tiflcem.
654 1749 743 1802 27.
780 1751 893 1800 Imo
920 1749 972 1798 in
1002 1748 1184 1800 eodem
1216 1746 1314 1800 hoc
1339 1746 1616 1800 Nehemiae
1645 1761 1759 1813 cap.
1787 1761 1925 1798 vers.
1955 1745 2156 1798 scilicet
2175 1749 2269 1803 22.

372 1824 472 1876 boc
491 1826 665 1890 ipsum
686 1824 821 1876 olore
840 1825 1117 1876 indicatur.
1192 1824 1436 1885 Levitae,
1476 1825 1646 1891 inquit
1674 1824 1972 1886 historicus,
2013 1827 2274 1890 temporis
2327 1803 2329 1920 1

374 1901 628 1965 Emathi,
670 1901 913 1968 Ιοίαάασ,
952 1903 1226 1954 Ionatanie
1252 1907 1307 1952 et
1335 1901 1566 1952 {adultae
1593 1915 1758 1968 supra
1775 1901 1829 1969 ¹)
1857 1915 2085 1966 reginam
2101 1901 2275 1953 Darii
2328 1937 2329 1962 i

372 1979 567 2030 Persae
600 1981 792 2046 scr-ipit·
824 1984 972 2044 sunt,
1024 1993 1211 2046 nempe
1246 1979 1302 2029 in
1343 1977 1708 2045 chronologiis.
1787 1979 1964 2045 Atque
1997 1978 2270 2030 neminem

373 2056 665 2108 existimare
694 2055 876 2118 credo,
916 2057 1055 2122 quod
1082 2055 1278 2107 Hezras
1307 2062 1400 2107 aut
1424 2055 1702 2109 Nehemias
1731 2054 1860 2107 odeo
1885 2055 2120 2122 longaevi
2151 2055 2274 2108 fue-

374 2134 477 2185 rint
499 2171 512 2193 ‚
562 2139 619 2184 nt
656 2132 1048 2198 quatuordecim
1088 2145 1232 2199 reges
1275 2134 1548 2186 Persarum
1585 2133 1958 2198 supervixerint
1973 2133 2050 2201 ²).
2131 2133 2270 2186 Nam

475 2364 520 2416 1)
558 2363 657 2407 Nisi
678 2360 923 2418 'significat
948 2360 1095 2404 ultra.
1132 2361 1280 2408 Error
1305 2361 1610 2408 describentis
1640 2360 1752 2418 suit,
1781 2361 1864 2418 qui
1891 2331 1966 2425 ‘79
2001 2370 2165 2416 supra
2184 2373 2268 2418 pro

372 2440 457 2505 “m
476 2451 629 2497 mque
647 2439 851 2495 scripsit.
909 2433 997 2492 sp.
1018 2439 1040 2462 ⁸

473 2527 521 2578 2)
556 2523 733 2570 Heu-as
761 2523 1021 2570 avunculus
1050 2523 1188 2580 primi
1216 2523 1389 2568 summi
1421 2521 1654 2578 pontificis
1683 2521 1854 2568 losuae
1883 2521 2026 2578 (Gall.
2048 2522 2164 2570 add.
2195 2521 2268 2568 ilis

373 2585 431 2630 tle
460 2596 547 2629 son
576 2584 719 2638 frere)
747 2584 836 2628 fuit
864 2584 973 2637 (vid.
1001 2584 1107 2628 Esr.
1133 2595 1234 2638 cap.
1255 2585 1296 2627 ἵ.
1315 2595 1358 2626 v.
1381 2585 1418 2624 1.
1439 2588 1488 2626 et
1513 2585 1535 2624 1
1555 2583 1711 2627 Paral.
1734 2594 1776 2627 c.
1797 2584 1838 2624 6.
1861 2595 1901 2627 v.
1925 2584 1989 2626 13.
2012 2584 2082 2628 11.
2105 2585 2196 2637 15.)
2225 2588 2270 2626 et

372 2643 516 2687 simul
544 2653 653 2687 cum
680 2643 975 2688 zorobabele
1005 2641 1146 2696 (Gall.
1174 2653 1287 2686 avec
1315 2653 1368 2686 ce
1397 2642 1576 2697 pontice
1595 2642 1964 2698 conjointement
1981 2653 2097 2688 aveo
2115 2641 2267 2687 zoro-

373 2699 536 2754 babel)
560 2700 801 2756 Babylone
829 2700 1202 2755 Hierosolymam
1231 2700 1469 2756 profectus
1500 2707 1586 2745 est.
1641 2701 1743 2746 vid.
1774 2701 1971 2746 Nehem.
2003 2713 2043 2746 ο.
2067 2703 2138 2744 12.
2159 2714 2204 2745 v.
2229 2705 2266 2744 1.

374 2761 466 2806 Sed
486 2761 692 2816 videtur,
712 2763 839 2818 quod
852 2794 865 2815 ,
896 2773 1004 2806 cnm
1024 2759 1311 2804 ludaeorum
1331 2773 1406 2806 res
1427 2759 1608 2807 turbari
1627 2761 1820 2817 viderit,
1849 2759 2154 2808 Rebilo-iam
2177 2763 2264 2805 ite-

374 2831 479 2866 rum
501 2819 687 2875 petierit
704 2820 850 2877 (quod
872 2822 1013 2866 etiam
1033 2819 1113 2864 alii
1133 2819 1364 2875 recerunt,
1385 2826 1438 2864 ut
1455 2826 1586 2876 patet
1601 2833 1658 2868 ex
1677 2821 1876 2866 Nehom.
1895 2832 1938 2866 o.
1961 2823 2000 2863 1.
2017 2833 2064 2868 v.
2085 2823 2152 2874 2.)
2173 2821 2265 2866 ibi-
2328 2851 2329 2876 ξ

374 2891 467 2936 que
484 2891 637 2936 usque
655 2880 713 2925 ad
730 2880 988 2924 Arthasasti
1009 2891 1203 2934 regnum
1223 2880 1474 2936 manserit,
1503 2881 1652 2926 donec
1671 2879 1934 2936 impetratis
1951 2892 2076 2936 quae
2096 2881 2263 2926 volue-
2328 2879 2329 2902 ³

374 2945 449 2985 rat
482 2940 691 2984 secundo
729 2937 1105 2993 Hierosolymam
1140 2939 1288 2994 petiit.
1350 2939 1602 2985 Nehemias
1639 2940 1782 2984 etiam
1819 2951 1928 2984 curn
1964 2938 2266 2986 zorobabele

374 2997 751 3054 Hierosolymam
778 3003 989 3052 tempore
1009 2997 1115 3054 cyri
1142 2998 1290 3055 petiit.
1345 2999 1443 3044 vid.
1466 3000 1604 3046 flezr.
1623 3011 1729 3056 cap.
1749 3001 1789 3042 2.
1813 3011 1856 3043 v.
1874 3001 1916 3040 2.
1937 3005 1986 3044 et
2001 3000 2070 3042 ⁶³.
2086 3032 2100 3054 ,
2123 3010 2263 3056 quem

376 3059 539 3104 confer
566 3069 675 3102 cum
702 3068 745 3102 v.
764 3055 803 3098 ⁹.
834 3068 875 3102 c.
894 3059 936 3100 8.
966 3057 1163 3102 Nehem.
1195 3068 1298 3114 cap.
1320 3061 1387 3102 1⁰.
1415 3070 1459 3104 v.
1478 3062 1520 3102 2.
1575 3060 1694 3105 Nam
1722 3059 1849 3116 quod
1879 3060 2164 3116 interpretes
2203 3057 2262 3102 ibi
