2350 3475
363 103 444 164 86
755 107 1144 154 TRACTATUS
1182 106 1581 154 'rnnomolco
1594 107 1845 154 -Poer,

361 301 466 338 non
487 293 567 339 est
583 301 718 353 opus
738 288 964 354 apertius
981 285 1143 352 loqui.
1218 287 1304 338 50.
1342 286 1457 338 Hoc
1474 293 1671 340 tantu·
1691 286 1903 348 addam,
1944 300 2041 338 nos
2068 289 2257 340 nemi-

360 379 482 416 nem
507 365 608 415 nisi
636 379 695 415 ex
721 363 968 430 operibus
995 377 1305 430 cognoscere
1324 379 1498 432 posse.
1570 365 1674 428 Qui
1695 365 1867 429 itaque
1885 363 1969 414 his
1988 362 2256 416 fructibus
2334 409 2336 418 .

360 440 711 504 abundaverit,
729 442 923 494 scilicet
941 442 1167 502 caritate,
1184 440 1392 505 gaudio,
1410 455 1552 507 pace,
1576 441 1982 507 longanimitate,
2003 439 2256 507 benigni-

358 525 488 579 tate,
527 517 779 580 bonitate,
822 518 948 579 fide,
989 517 1412 580 mansuetudine,
1454 519 1787 581 continentia,
1825 519 2073 570 adversus
2110 533 2256 584 quos

355 595 446 661 (ut
465 595 660 646 Paulus
677 595 730 644 in
749 594 966 660 epistola
995 595 1058 646 ad
1085 595 1294 646 Galatas
1323 609 1436 662 cap.
1458 597 1509 646 5.
1530 610 1663 646 vers.
1683 596 1769 650 23.
1798 595 1892 660 ait)
1924 595 2001 646 lex
2032 610 2139 646 non
2172 605 2259 646 est

355 673 523 736 posita
539 710 554 732 ,
585 672 630 722 is
649 673 754 723 sive
774 686 832 722 ex
852 671 960 723 sola
981 673 1199 733 ratione,
1233 673 1338 723 sive
1358 687 1416 723 ex
1434 671 1541 722 sola
1564 673 1823 738 Scriptura
1844 671 2056 723 edoctus
2080 673 2150 722 sit
2166 712 2184 735 ,
2227 689 2258 724 a

355 749 466 797 Deo
494 761 662 798 revera
691 749 904 799 edoctus
925 756 1005 799 est
1022 757 1070 799 et
1088 750 1261 800 animo
1280 748 1483 800 beatus.
1554 749 1653 798 His
1674 750 1846 818 itaque
1866 750 2037 798 omnia
2052 788 2067 811 ,
2109 764 2255 814 quae

355 825 524 874 circa
561 823 760 889 legem
799 824 1078 878 divinam
1117 841 1267 892 agere
1302 827 1694 888 constitueram,
1720 824 1947 879 absolvi.

859 1045 1038 1109 CAP.
1085 1047 1188 1110 Vl.
1278 1047 1376 1108 De
1412 1047 1733 1109 miraculis,

459 1207 619 1259 Sicuti
639 1177 906 1260 scientiam
926 1208 1094 1270 illam,
1135 1224 1269 1275 quae
1289 1216 1496 1277 captum
1514 1209 1807 1260 humanum
1835 1216 2071 1275 superat,
2112 1208 2255 1260 divi-

351 1299 472 1336 nam
487 1325 500 1348 ‚
524 1286 598 1336 sic
617 1300 776 1352 opuS,
801 1287 950 1337 cuius
970 1299 1125 1336 causa
1146 1283 1296 1352 v'ulgo
1314 1288 1589 1351 ignoratur,
1614 1287 1843 1337 divinum
1864 1287 1967 1337 sive
1986 1287 2081 1336 Dei
2104 1300 2249 1352 opus
2341 1324 2342 1328 ,

352 1377 530 1414 vocare
559 1369 938 1415 consueverunt
961 1362 1220 1413 homines.
1290 1363 1493 1428 Vulgus
1520 1362 1655 1412 enim
1694 1370 1803 1413 tum
1832 1363 1925 1413 Dei
1956 1364 2251 1428 potentiam·

351 1447 403 1490 et
431 1440 800 1506 providentiam
831 1454 985 1505 quam
1015 1439 1305 1490 clarissime
1325 1446 1557 1490 constare
1575 1446 1745 1504 putat,
1788 1453 1949 1505 quum
1970 1439 2168 1504 aliquid
2194 1441 2248 1489 in

350 1524 532 1568 natura
561 1518 826 1568 insolitum
856 1523 906 1568 et
933 1522 1108 1566 contra
1138 1517 1460 1582 opinionem,
1501 1529 1656 1580 quam
1686 1529 1744 1566 ex
1769 1516 2144 1567 consuetudine
2180 1516 2249 1566 de
2340 1523 2342 1548 ³

350 1601 531 1662 natura
554 1594 704 1645 habet
718 1633 732 1655 ‚
773 1594 1069 1658 contingere
1088 1593 1223 1644 videt
1244 1592 1570 1660 (praesertim
1590 1592 1635 1642 si
1656 1593 1705 1642 id
1726 1593 1778 1642 in
1799 1593 1913 1644 eius
1932 1593 2132 1644 lucrum
2153 1599 2248 1643 aut

351 1671 681 1724 commodum
703 1670 969 1732 cesserit),
990 1676 1043 1719 et
1062 1685 1119 1720 ex
1140 1668 1279 1720 nulla
1300 1680 1354 1719 re
1375 1669 1561 1720 clarius
1580 1669 1896 1720 existentiam
1918 1670 2013 1720 Dei
2034 1668 2244 1735 probari

351 1762 506 1812 posse
525 1748 805 1810 existimat,
829 1762 984 1813 quam
1003 1762 1061 1799 ex
1080 1762 1168 1810 eo,
1203 1747 1343 1813 quod
1363 1752 1541 1797 natura
1558 1785 1573 1808 ,
1606 1753 1663 1797 ut
1682 1753 1889 1813 putant,
1918 1762 2073 1797 suum
2094 1747 2245 1797 ordi·
2342 1806 2344 1825 Σ

349 1838 469 1874 nem
505 1839 608 1874 non
646 1831 836 1885 serven
879 1830 931 1875 et
957 1833 1225 1890 propterea
1254 1823 1371 1874 illos
1398 1838 1579 1874 omnes
1608 1824 1774 1874 Deum
1805 1830 1894 1874 aut
1922 1822 2103 1874 saltem
2140 1824 2242 1873 Dei

349 1900 719 1967 providentiam
743 1900 916 1951 tollere
935 1908 1136 1966 putant,
1160 1900 1249 1965 qui
1272 1915 1353 1950 res
1373 1906 1425 1951 et
1444 1901 1687 1951 miracula
1706 1914 1799 1967 per
1816 1914 2001 1950 causas
2020 1907 2243 1950 natura-

349 1977 425 2028 les
447 1977 698 2044 explicant
717 1984 806 2028 aut
823 1976 1107 2042 intelligere
1128 1976 1357 2027 student.
1430 1979 1483 2031 2.
1505 1976 1813 2027 Existimant
1830 1976 2043 2038 scilicet,
2064 1978 2240 2027 Deum

346 2060 453 2105 tam
475 2054 562 2104 diu
584 2053 712 2104 nihil
732 2068 878 2119 agere
892 2094 906 2118 ,
949 2068 1104 2120 quam
1126 2052 1217 2104 diu
1240 2060 1417 2105 natura
1438 2052 1589 2105 solito
1606 2052 1786 2104 ordine
1804 2054 1934 2118 agit,
1973 2060 2021 2103 et
2040 2060 2239 2114 contra,

347 2131 628 2197 potentiam
660 2137 870 2181 naturae
899 2138 949 2181 et
967 2144 1150 2183 causas
1171 2130 1427 2181 naturales
1447 2137 1550 2180 tam
1572 2130 1661 2182 diu
1682 2144 1798 2181 esse
1817 2130 2037 2192 otiosaS,
2079 2144 2240 2195 quam

348 2207 440 2259 diu
458 2209 602 2259 Deus
631 2210 759 2273 agit3
784 2208 915 2258 duas
936 2208 1110 2272 itaque
1133 2208 1387 2271 potentias
1408 2220 1623 2258 numero
1642 2206 1707 2258 ab
1728 2208 1945 2259 invicem
1968 2206 2242 2257 distinctas

348 2286 718 2351 imaginantur,
753 2284 975 2345 scilicet,
1015 2285 1299 2351 potentiam
1319 2284 1413 2335 Dei
1441 2290 1491 2334 et
1518 2285 1799 2350 potentiam
1823 2297 1993 2335 rernm
2014 2291 2238 2335 natura-

346 2361 503 2421 lium,
543 2376 569 2411 a
609 2363 718 2412 Deo
748 2366 918 2411 tamen
955 2368 1092 2411 certo
1131 2360 1287 2412 modo
1327 2360 1721 2411 determinatam
1759 2360 1838 2411 vel
1876 2359 1969 2427 (ut
2004 2360 2240 2426 plerique

431 2439 509 2503 gis
537 2437 786 2488 hodierno
816 2445 1044 2504 tempore
1073 2437 1333 2505 sentiunt)
1362 2444 1602 2487 creatam.
1674 2436 1725 2487 3.
1766 2437 1904 2499 Quid
1934 2445 2105 2487 autem
2146 2452 2240 2504 per

344 2448 638 2598 :nnthnun
663 2514 854 2579 etquid
877 2528 965 2580 per
983 2515 1151 2564 Deum
1173 2522 1225 2565 et
1245 2522 1478 2564 naturam
1498 2512 1799 2576 intelligant,
1825 2513 2065 2564 nesciunt
2082 2528 2233 2577 sane,

345 2593 446 2642 nisi
477 2591 615 2657 quod
637 2592 730 2642 Dei
763 2592 1043 2657 potentiam
1073 2598 1318 2657 tanquam
1350 2590 1515 2654 regiae
1534 2589 1803 2640 cuiusdam
1828 2590 2110 2641 maiestatis
2128 2591 2237 2641 im·-

343 2670 545 2735 perium
560 2705 573 2729 ‚
615 2674 823 2719 naturae
861 2675 1032 2718 autem
1070 2674 1313 2733 tanquam
1352 2667 1453 2717 vim
1491 2673 1543 2716 et
1578 2668 1826 2732 impetum
1867 2667 2234 2733 imaginentur.

344 2745 545 2811 Vulgus
574 2744 746 2811 itaque
775 2757 962 2811 opera
993 2752 1258 2795 naturae
1285 2742 1550 2793 insolita
1581 2750 1760 2793 vocat
1789 2744 2100 2794 miracula
2128 2746 2235 2797 sive

342 2823 437 2874 Dei
459 2835 634 2887 opera,
668 2828 719 2871 et
738 2822 922 2887 partim
943 2835 1000 2871 ex
1021 2820 1314 2884 devotione,
1349 2820 1531 2884 partim
1552 2834 1612 2870 ex
1630 2820 1906 2885 cupiditate
1926 2820 2234 2871 adversandi

343 2900 430 2960 iis,
469 2900 559 2963 qui
581 2898 818 2949 scientias
841 2897 1102 2949 naturales
1119 2898 1322 2958 colunt,
1356 2911 1524 2948 rerum
1547 2911 1731 2948 causas
1754 2896 2012 2948 naturales
2032 2900 2233 2948 nescire

342 2976 489 3039 cupit
513 2982 564 3025 et
591 2988 651 3025 ea
677 2981 877 3025 tantum
907 2971 1086 3025 audire
1113 2975 1294 3040 gestit,
1333 2989 1467 3039 quae
1486 2974 1704 3025 maxime
1726 2974 1951 3039 ignorat,
1989 2989 2231 3041 quaeque

343 3058 610 3119 propterea
627 3051 846 3103 maxime
865 3050 1165 3103 admiratur.
1236 3055 1289 3103 4.
1325 3050 1573 3103 Videlicet
1591 3052 1712 3117 quia
1734 3051 1875 3103 nulla
1892 3050 1991 3103 alia
2012 3052 2229 3117 ratione,
