2350 3475
866 161 1005 206 car».
1057 75 1206 208 ἕω.
1863 153 1987 217 339

85 339 317 390 omnino
334 339 630 408 superfluae
648 337 905 390 videntur.
975 337 1106 389 Nam
1127 336 1273 390 nulla
1294 338 1457 403 natio,
1492 339 1633 406 quod
1652 340 1809 390 sciam
1825 377 1839 402 ,
1873 355 1991 391 mo-

85 417 220 467 dum
241 416 664 481 interrogativum
685 415 751 467 ab
771 415 1046 467 indicativo
1066 415 1221 467 modo
1239 415 1499 476 distinxit;
1537 430 1634 468 nec
1652 421 1824 469 tamen
1844 416 1991 467 vide-

86 509 214 544 mus
245 492 410 544 ullam
437 493 562 544 inde
588 493 713 544 oriri
741 492 1126 554 confusionem,
1168 499 1227 545 ut
1252 507 1350 544 nec
1368 493 1505 560 apud
1526 493 1822 556 HebraeoS,
1862 493 1987 544 dum

85 572 333 636 ipsorum
353 570 529 636 lingna
551 569 744 630 floruit,
769 569 873 620 ulla
892 570 1014 621 inde
1035 569 1277 621 confusio
1298 571 1418 622 oriri
1438 571 1623 637 potuit,
1646 571 1783 637 quod
1804 585 1988 622 omnes

83 654 302 714 praeter
319 647 676 713 imperativum
697 646 838 698 modi
857 661 975 699 cum
997 645 1273 697 indicativo
1292 648 1642 699 convenerint.

204 726 290 776 11.
337 723 562 774 Hebraei
606 723 761 789 igitur
804 724 977 775 solum
1033 724 1395 789 imperativum
1441 723 1655 776 modum
1700 739 1729 776 a
1773 723 1989 790 reliquis

86 800 454 864 distinguunt,
485 799 740 852 sumendo
761 801 961 852 scilicet
981 803 1207 866 regimen
1227 798 1506 864 infinitivi,
1539 801 1773 867 illudque
1792 800 1990 867 absque

89 878 209 928 ullo
247 878 396 939 signo
432 891 682 942 personae
718 885 768 928 et
801 879 915 929 sine
951 877 1053 930 ulla
1090 877 1152 928 ad
1193 885 1397 946 tempus
1434 879 1681 930 relatione
1709 879 1807 930 hoc
1834 879 1989 930 modo

87 960 386 1015 flectendo:
415 956 554 1048 ἾΡΒ
577 963 654 1014 vel
692 967 830 1047 ἾΡΕ
869 964 1047 1026 visita,
1078 968 1137 1014 tu
1162 965 1264 1025 vir,
1292 967 1451 1050 ''7¹2ss
1471 966 1650 1025 visita,
1673 965 1977 1031 cusentina,

89 1051 274 1136 ηἻΙ-ρῇ.
293 1029 644 1109 visitate-,³vos
660 1031 798 1100 vin-I
813 1031 1053 1137 'ruff-'PE-
1089 1052 1319 1109 visitate,
1340 1031 1716 1113 bstfeminac!
1771 1053 1854 1102 12.
1885 1051 1991 1100 Sed

89 1123 411 1185 hic'modns
440 1134 594 1184 nimis
623 1117 964 1200 imperiostfs',
1005 1126 1100 1186 n'ec
1135 1133 1255 1186 ideo
1283 1148 1455 1184 coram
1474 1133 1705 1199 aequali,
1747 1140 1799 1184 et
1824 1135 1988 1186 multo

86 1213 274 1261 minus
301 1223 472 1260 coram
503 1212 768 1278 superiore
796 1213 1050 1272 utendus;
1092 1211 1186 1263 sed
1215 1211 1327 1261 eius
1347 1211 1461 1261 loco
1481 1210 1715 1260 futurum
1734 1224 1989 1277 usurpare

86 1287 355 1349 solemne,
388 1288 528 1339 unde
548 1287 799 1338 affirmare
821 1289 940 1338 licet
954 1327 969 1350 ,
995 1288 1329 1355 praeteritum
1350 1294 1400 1339 et
1418 1287 1649 1338 futurum
1667 1323 1679 1345 ‚
1705 1285 1768 1337 de
1788 1286 1984 1352 quibus

85 1363 250 1416 modo
270 1365 501 1428 egimuS,
538 1377 638 1415 non
660 1365 826 1430 magis
845 1363 1135 1427 indicativi,
1178 1379 1334 1431 quam
1353 1364 1671 1430 reliquorum
1692 1362 1982 1429 modorum,

85 1440 290 1509 quibus
311 1443 443 1492 actio
465 1455 583 1492 cum
605 1441 849 1492 relatione
869 1442 932 1491 ad
955 1447 1160 1508 tempus
1181 1443 1394 1508 exprimi
1413 1447 1599 1507 potest,
1623 1454 1759 1491 esse.

199 1518 287 1569 13.
326 1518 424 1568 His
443 1519 600 1583 igitur
619 1531 806 1571 causas
825 1531 1008 1570 omnes
1029 1519 1375 1580 ostendimuS,
1396 1525 1605 1584 propter
1624 1532 1755 1583 quas
1775 1517 1986 1567 nomina

85 1595 348 1647 infinitiva
370 1595 583 1647 diversis
606 1596 776 1646 modis
796 1603 1079 1659 mutantur,
1103 1604 1258 1660 atque
1277 1595 1371 1647 has
1390 1597 1705 1647 mutationes
1724 1608 1842 1645 cum
1864 1595 1987 1645 reli-

87 1674 215 1740 quis
243 1671 651 1739 conjugationes
679 1671 1009 1737 vocabimus,
1049 1673 1323 1724 etnomina
1351 1671 1600 1723 infinitiva
1631 1679 1891 1739 quatenus
1909 1673 1987 1722 sic

89 1750 442 1815 coniugantur
485 1752 646 1802 verba
688 1750 1089 1818 appellabimus,
1120 1768 1124 1772 ·
1171 1750 1250 1803 De
1295 1763 1516 1816 quarum
1561 1750 1984 1815 coniugationum

87 1840 313 1880 numero
342 1841 507 1893 pauca
537 1826 790 1879 dicemus.
862 1829 991 1880 Nam
1022 1842 1126 1879 non
1148 1828 1321 1878 omnia
1342 1824 1593 1878 infinitiva
1612 1826 1779 1894 (quod
1800 1828 1984 1880 vitium

85 1902 342 1957 omnihus
363 1904 552 1970 linguis
571 1919 851 1957 commune
870 1906 978 1973 est)
999 1905 1182 1956 eodem
1205 1904 1359 1955 modo
1380 1904 1744 1969 coniugentur.

197 1990 286 2042 14.
325 1990 503 2041 Solent
535 1992 878 2042 communiter
913 1992 1234 2058 grammatici
1271 1991 1661 2055 coniugationes
1698 1991 1749 2040 in
1788 1997 1985 2056 septem

87 2066 350 2127 dividere,
391 2058 516 2131 quia
535 2069 695 2120 unius
716 2067 1056 2133 eiusdemque
1075 2068 1293 2118 actionis
1315 2075 1389 2117 tot
1408 2066 1777 2117 infinitivorum
1800 2081 1985 2131 genera

85 2144 450 2211 reperiuntur,
482 2153 538 2195 ut
558 2159 671 2213 cap.
694 2144 930 2212 praeced.
954 2143 1370 2212 ostendimus*).
1414 2144 1607 2195 Verum
1636 2144 1683 2193 si
1710 2142 1835 2193 haec
1855 2144 1987 2195 divi-

85 2225 168 2275 sio
197 2222 338 2275 bona
365 2228 530 2285 esset,
568 2229 678 2274 tum
709 2221 883 2275 Latini
911 2235 1015 2273 non
1045 2221 1147 2271 nisi
1179 2221 1337 2283 duas»,
1377 2221 1523 2273 activi
1543 2219 1739 2271 scilicet
1758 2233 1917 2271 unam
1936 2227 1986 2270 et

85 2300 290 2367 passivi
324 2298 567 2362 alteram,
607 2306 659 2351 at
694 2299 874 2350 Graeci
915 2306 1018 2349 tres
1055 2297 1305 2349 haberent
1341 2296 1755 2361 coniugationeS,
1796 2311 1982 2363 nempe

85 2377 274 2437 activi,
316 2376 508 2441 passivi
540 2383 592 2426 et
622 2376 807 2436 medii;
849 2383 899 2425 et
925 2375 1020 2425 hac
1049 2375 1245 2425 ratione
1264 2375 1415 2427 verba
1434 2373 1669 2425 anomala
1691 2386 1808 2424 cum
1831 2389 1984 2439 regu-

85 2453 295 2506 laribus
323 2452 790 2517 consunderentur,
829 2459 889 2503 ut
909 2466 1078 2505 revera
1097 2452 1330 2519 vulgares
1350 2445 1663 2517 grammatici
1683 2450 1820 2502 hunc
1841 2450 1984 2502 ordi-

85 2546 210 2583 nem
230 2530 502 2596 sequendo
522 2529 739 2581 faciunt.

199 2616 286 2667 15.
326 2614 479 2677 Quod
516 2616 563 2666 si
601 2615 806 2676 dicant,
845 2620 1044 2682 septem
1081 2614 1168 2666 illa
1207 2613 1574 2665 infinitivorum
1602 2627 1788 2679 genera
1826 2628 1982 2680 saepe

88 2692 312 2743 eandem
334 2691 438 2741 vim
459 2691 676 2753 habere,
717 2690 950 2759 adeoque
972 2706 1074 2742 non
1097 2698 1310 2755 natura,
1343 2689 1435 2742 sed
1457 2691 1609 2741 modo
1632 2696 1829 2741 tantum
1851 2704 1982 2741 con-

83 2768 305 2837 jugandi
333 2767 564 2830 differre,
603 2769 920 2834 Latini-ergo
939 2776 1148 2836 propter
1168 2768 1320 2819 verba
1342 2768 1674 2833 deponentia,
1717 2782 1850 2833 quae
1870 2769 1981 2819 solo

89 2849 250 2897 etiam
277 2846 431 2897 modo
461 2844 771 2913 conjugandi
789 2846 856 2897 ab
875 2846 1052 2899 activIs
1071 2846 1335 2910 differunt,
1366 2845 1496 2898 duas
1516 2852 1716 2899 tantum
1735 2844 1983 2897 haberent

89 2923 508 2991 conjugationes.

195 3126 240 3181 ⁸)
277 3124 378 3171 vid.
399 3136 502 3184 cap.
525 3127 590 3172 12.
612 3127 654 3182 ς.
675 3128 837 3171 8-10.

1449 3198 1557 3253 22*
