2350 3475
837 121 976 166 cu.
1026 119 1113 167 lv.
1838 137 1924 198 69

54 310 162 384 (utin
176 330 275 384 cap.
305 321 356 373 1.
369 319 434 390 ⁴¹³)
457 315 885 383 ostendimus),
923 315 1078 367 sicuti
1099 322 1217 367 ante
1234 329 1327 381 per
1344 315 1553 381 angelos
1571 355 1586 379 ,
1623 331 1810 384 nempe
1828 335 1923 386 per

56 404 178 445 rotem
195 403 406 448 creatam
424 437 442 460 ,
488 395 749 448 visiones
769 399 866 444 etc.
882 433 896 456 ,
937 392 1192 458 quaedam
1217 392 1443 444 humano
1469 395 1643 460 generi
1663 395 1919 448 revelavit.

61 467 314 539 Quapropter
339 489 531 540 aeque
563 486 600 522 a
643 469 841 522 ratione
875 469 1102 522 alienum
1139 477 1303 532 esset,
1342 476 1565 522 statuere
1591 473 1758 522 Deum
1796 487 1921 523 suas

62 548 322 603 revelationes
351 547 736 618 opinionibus
764 546 952 598 Christi
981 547 1481 609 accommodavisse,
1520 561 1577 599 ac
1608 547 1747 613 quod
1776 549 1921 600 Deus

50 633 166 674 *anua
179 641 288 678 suas
307 628 689 680 revelationes
707 624 1040 690 opinionibus
1059 623 1378 689 angelorum,
1400 624 1499 676 hoc
1518 631 1597 676 est
1617 625 1757 676 vocis
1778 639 1923 676 crea-

67 703 117 750 tae
145 711 181 752 et
209 705 508 766 visionum,
570 701 1059 763 accommodaverit,
1109 708 1169 753 ut
1204 715 1287 752 res
1325 702 1621 755 revelandas
1658 703 1923 769 prophetis

71 783 439 844 communicaret,
487 794 612 846 quo
641 778 853 844 quidem
885 778 1012 829 nibil
1041 775 1323 829 absurdius
1348 780 1507 830 statui
1526 786 1729 846 posset;
1771 793 1924 846 prae-

73 857 191 906 sertim
217 873 374 924 quum
414 872 538 908 nnn
571 855 640 906 ad
671 855 812 906 solos
840 854 1087 916 ludaeoS,
1129 855 1221 905 sed
1252 862 1417 906 totum
1446 853 1732 907 humanum
1756 871 1923 922 genus

73 929 294 986 docendum
333 937 558 986 missus
601 933 788 994 fuerit,
836 930 1068 996 adeoque
1107 946 1210 981 non
1250 932 1375 982 satis
1412 939 1545 995 erat,
1594 941 1652 983 ut
1695 941 1924 984 mentem

54 1019 55 1028 ³
75 1010 340 1072 opinionibus
358 1011 701 1062 Iudaeorum
723 1015 923 1058 tantum
952 1007 1392 1059 accommodatam
1420 1008 1654 1071 baberet,
1694 1010 1788 1063 sed
1808 1011 1926 1076 opi-

75 1084 252 1138 nionibus
286 1097 336 1139 et
375 1086 728 1138 documentis
765 1085 990 1136 humano
1026 1086 1199 1148 generi
1238 1085 1647 1150 universalibus,
1689 1087 1785 1138 boc
1822 1095 1921 1149 est,

54 1154 312 1216 {notionibus
332 1162 726 1216 communibus
745 1168 796 1212 et
815 1161 966 1212 veris.
1039 1163 1124 1214 32.
1161 1161 1232 1212 Et
1250 1177 1375 1212 saue
1394 1176 1453 1212 ex
1471 1161 1586 1224 boc,
1621 1163 1763 1228 quod
1778 1165 1925 1216 Deus

54 1237 222 1300 ,cbristo
248 1243 360 1292 sive
403 1243 526 1290 eius
565 1241 727 1289 menti
765 1251 880 1288 sese
919 1237 1212 1289 immediate
1250 1238 1570 1301 revelaverit,
1610 1245 1661 1289 et
1698 1253 1827 1300 non,
1865 1248 1925 1292 ut

54 1303 276 1380 fprophetis
307 1333 410 1383 per
430 1315 590 1367 verba
611 1322 663 1367 et
681 1315 935 1380 imagines
951 1354 964 1376 ,
1006 1315 1134 1365 nibil
1154 1314 1294 1365 aliud
1315 1314 1594 1380 intelligere
1616 1328 1921 1380 possumus,

56 1405 184 1454 quam
200 1394 341 1458 quod
361 1394 608 1445 Christus
629 1406 712 1444 res
731 1392 974 1442 revelatas
995 1405 1108 1442 vere
1129 1392 1357 1456 percepit
1374 1392 1482 1442 sive
1501 1391 1768 1451 intellexit,
1756 1407 1769 1420 ·
1811 1399 1924 1442 tum

77 1469 169 1518 enlm
188 1485 260 1521 res
281 1469 628 1536 intelligitur,
670 1483 834 1535 quum
863 1469 974 1534 ipsa
991 1481 1120 1533 pura
1143 1473 1313 1518 mente
1333 1475 1468 1519 extra
1486 1467 1637 1519 verba
1657 1475 1706 1519 et
1728 1469 1921 1534 imagi-

56 1557 136 1600 lues
171 1549 470 1612 percipitur.
557 1546 857 1597 Christus
901 1545 1118 1611 itaque
1162 1558 1264 1595 res
1310 1544 1651 1596 revelatas
1675 1558 1817 1596 vere
1864 1551 1926 1595 et

58 1601 398 1701 ζαᾱαοιμηῑο
435 1623 748 1688 percepit.
821 1622 909 1673 33.
945 1622 1002 1672 si
1037 1622 1195 1687 igitur
1229 1635 1317 1672 eas
1356 1629 1597 1688 tanquam
1637 1621 1776 1686 leges
1813 1635 1923 1672 un·-

77 1711 192 1761 quam
219 1700 588 1767 praescripsit,
627 1698 679 1750 id
706 1704 915 1765 propter
939 1698 1118 1765 populi
1148 1699 1485 1765 ignorantiam
1515 1707 1567 1751 et
1595 1697 1925 1767 pertinaciam

79 1774 177 1826 iecit.
243 1778 420 1839 Quare
439 1776 568 1827 bac
553 1792 606 1827 in
627 1790 682 1827 re
702 1778 865 1826 vicem
884 1776 978 1827 Dei
998 1777 1184 1841 gessit,
1226 1776 1365 1841 quod
1387 1792 1503 1829 sese
1520 1778 1727 1843 ingenio
1745 1776 1927 1843 populi

56 1852 460 1916 accommodavit,
499 1860 550 1903 et
569 1852 707 1915 iden,
747 1855 984 1917 quamvis
1002 1852 1385 1919 aliquantulum
1404 1854 1621 1917 clariuS,
1663 1868 1818 1919 quam
1838 1868 1927 1905 ce-

58 1925 142 1993 'teri
159 1930 457 1995 prophetae,
495 1932 702 1981 locutus
722 1930 819 1991 sit,
859 1928 1079 1981 obscure
1099 1937 1301 1994 tamen,
1341 1938 1392 1981 et
1424 1934 1634 1998 saepius
1662 1945 1757 1996 per
1772 1946 1927 1997 para-

58 1999 190 2083 {botas
231 2022 308 2057 res
345 2006 592 2058 revelatas
628 2004 830 2068 docuit,
881 2008 1185 2071 praesertim
1228 2006 1434 2073 quando
1478 2008 1545 2058 iis
1583 2005 1921 2073 loquebatur,

58 2046 239 2145 quibus
265 2083 492 2134 nondum
528 2083 708 2134 datum
737 2090 842 2133 erat
867 2082 1150 2149 intelligere
1186 2098 1404 2150 regnum
1440 2083 1718 2135 coelorum.
1791 2084 1925 2135 Vide

58 2156 233 2209 Eattb
253 2174 360 2228 cap.
383 2160 465 2211 13.
487 2175 538 2211 v.
563 2162 647 2212 1⁰.
669 2166 766 2213 etc.
851 2158 939 2212 34.
977 2159 1042 2210 Et
1059 2160 1173 2211 sine
1194 2160 1352 2211 dubio
1372 2176 1490 2224 eoa,
1532 2160 1725 2227 quibus
1745 2161 1924 2212 datum

81 2243 166 2283 erat
191 2238 418 2302 mysteria
450 2237 707 2288 coelorum
728 2249 968 2300 noscere,
1010 2250 1092 2286 res
1120 2244 1180 2287 ut
1207 2244 1438 2289 aeternas
1466 2240 1699 2291 veritates
1730 2237 1917 2295 docuit,

81 2324 166 2360 non
189 2327 294 2363 vero
323 2322 379 2363 ut
405 2313 547 2379 leges
575 2312 934 2379 praescripsit;
975 2321 1026 2363 ct
1043 2313 1136 2363 hac
1156 2316 1349 2366 ratione
1369 2330 1457 2366 eos
1476 2330 1505 2366 a
1526 2316 1766 2367 servitute
1793 2313 1922 2376 legis

79 2384 304 2451 liberavit,
327 2398 376 2440 et
396 2389 555 2440 nihilo
579 2391 755 2441 minus
773 2389 939 2455 legem
959 2388 1055 2439 boc
1075 2391 1238 2456 magis
1258 2391 1572 2443 confirmavit
1592 2387 1920 2464 etstabilivit,

75 2476 326 2531 eorumque
351 2466 596 2518 cordibus
625 2468 834 2533 penitus
863 2467 1140 2532 inscripsit.
1216 2467 1369 2529 Quod
1398 2470 1548 2519 etiam
1576 2466 1771 2518 Paulus
1802 2468 1925 2532 qui-

78 2537 264 2593 busdam
293 2546 346 2594 in
371 2543 498 2595 locis
526 2542 754 2594 indicare
783 2542 1008 2602 videtur3
1045 2558 1231 2609 nempe
1244 2545 1452 2611 epistol.
1474 2545 1538 2596 ad
1558 2547 1711 2595 Rom.
1734 2556 1848 2608 cap.
1873 2543 1921 2593 7.

77 2628 190 2667 vers..
203 2619 250 2669 o.
269 2630 322 2669 et
338 2634 452 2686 cap.
466 2621 519 2671 3.
537 2634 669 2673 vere.
683 2620 770 2673 28.
784 2634 905 2685 sqq.
975 2618 1062 2672 35.
1098 2620 1342 2675 Attamen
1363 2636 1458 2673 nec
1474 2622 1560 2673 ille
1578 2621 1731 2672 etiam
1751 2628 1923 2687 aperte

79 2690 196 2755 loqui
213 2695 329 2759 vult,
352 2696 464 2762 sed,
486 2704 547 2749 ut
562 2698 677 2763 ipse
695 2697 766 2747 ait
784 2710 899 2761 cap.
919 2697 971 2749 3.
991 2710 1124 2749 vers·
1147 2698 1198 2748 5.
1220 2705 1271 2749 et
1289 2712 1401 2765 cap.
1422 2700 1475 2751 6.
1496 2712 1627 2751 vers.
1644 2697 1728 2749 19.
1749 2699 1920 2750 eiusd.

81 2769 206 2831 epist.
224 2772 442 2824 humano
477 2788 620 2826 more
646 2773 897 2839 loquitur,
938 2773 1079 2839 quod
1105 2789 1343 2840 expresse
1370 2775 1520 2839 dicit,
1560 2788 1723 2841 quum
1749 2776 1918 2827 Deum

81 2843 246 2898 iustum
275 2857 444 2914 vocat,
483 2857 537 2902 et
563 2852 676 2903 sine
704 2849 862 2902 dubio
890 2852 1042 2917 etlam
1079 2860 1286 2917 propter
1320 2852 1488 2904 carnis
1521 2850 1920 2905 imbecillitatem

81 2918 171 2971 Deo
198 2925 618 2993 misericordiam,
657 2928 897 2993 gratiam,
934 2929 1064 2979 iram
1082 2936 1180 2980 etc.
1202 2928 1418 2995 affingit,
1457 2937 1508 2982 et
1531 2929 1735 2997 ingenio
1752 2930 1918 2998 plebis

162 3093 197 3144 ')
225 3093 320 3140 Vid.
339 3108 437 3153 cap.
459 3099 498 3140 1.
519 3094 566 3151 §-
581 3098 648 3139 2³.
667 3098 734 3139 24.
