2350 3475
417 121 542 183 246
820 126 1209 174 TRACTATUS
1247 129 1645 176 'runomelco
1657 157 1682 168 -
1691 130 1900 177 Pomm.

417 303 584 355 mines
614 301 794 356 ardore
823 305 1237 371 superstitionis,
1278 309 1577 374 magistratu
1604 306 1895 360 alterutram
1928 313 2129 375 partem
2148 309 2311 360 adiu-

414 386 580 440 vante,
601 379 798 447 litigare
818 383 1100 449 incipiunt,
1123 398 1453 451 nequaquam
1471 384 1644 438 sedari
1662 393 1911 452 possunt,
1936 385 2029 438 sed
2051 399 2312 438 necessa-

403 449 491 508 ‘rio
509 457 563 508 in
583 465 750 510 sectas
772 458 1087 514 dividuntur.

521 535 603 586 13.
644 536 711 586 11.
751 535 940 587 Notatn
969 536 1189 603 dignum
1215 546 1321 600 est,
1352 540 1491 606 quod
1520 539 1821 607 prophetae,
1846 541 1942 591 viri
1968 539 2172 592 seilicet
2192 541 2310 605 pri-

415 611 529 671 vati,
543 610 776 663 libertate
795 625 888 664 sun
909 616 1174 678 monendi,
1190 617 1489 683 increpandi
1511 623 1563 668 et
1582 616 1915 684 exprobrandi
1936 616 2181 669 homines
2198 632 2309 668 ma-

415 688 493 753 gis
515 688 854 750 irritaverunt,
887 705 1043 756 quam
1063 702 1415 757 correxerunt3
1438 695 1529 759 qui
1550 702 1719 745 tomen
1738 709 1766 744 n
1788 693 1999 760 regibus
2018 695 2209 746 moniti
2229 693 2306 745 vel

413 764 646 828 eastigoti
674 765 822 817 facile
847 765 1205 821 flectebantur.
1275 771 1387 821 Irno
1411 771 1617 837 regibus
1640 773 1790 823 etiam
1812 771 1911 838 piis
1932 785 2093 837 saepe
2110 770 2311 822 intole-

413 839 602 892 rabiles
634 840 847 894 fuerunt
879 852 1088 911 propter
1114 847 1495 911 auctoritatem,
1538 863 1695 914 quam
1727 847 1987 899 hebebant
2016 847 2305 908 iudicandi,

413 917 536 982 quid
566 917 652 983 pie
675 918 754 970 vel
781 921 940 988 impie
972 921 1164 975 factum
1198 931 1368 986 esset,
1408 932 1458 976 et
1475 925 1551 976 vel
1574 939 1717 991 reges
1736 925 1881 990 ipsos
1900 925 2219 990 castigandi,
2262 925 2317 974 si'

411 992 552 1058 quod
597 996 860 1060 negotium
899 998 1167 1066 publicum
1207 1001 1285 1053 vel
1322 1003 1576 1068 privatum
1614 1009 1788 1054 eontra
1825 1015 2004 1053 eorum
2047 1001 2309 1053 indicium

411 1083 560 1137 ogere
579 1072 924 1127 sustinebant.
999 1079 1084 1131 14.
1123 1079 1230 1130 Rex
1248 1079 1377 1150 Asa,
1400 1081 1491 1145 qui
1512 1095 1571 1132 ex
1588 1081 1881 1132 testimonio
1900 1079 2200 1146 scripturae
2224 1079 2313 1145 pie

409 1150 656 1214 regnavit,
679 1151 979 1218 prophetam
1001 1155 1293 1206 Hananinm
1314 1157 1369 1207 in
1389 1157 1665 1223 pistrinum
1684 1156 1829 1208 dedit
1846 1156 1989 1223 (vide
2007 1157 2061 1206 2.
2074 1155 2307 1221 Paralip.

410 1227 688 1292 eap.16.),
727 1229 848 1294 quio
883 1230 1058 1296 ipsum
1091 1231 1252 1284 libere
1282 1233 1657 1300 reprehendere
1688 1240 1740 1285 et
1766 1235 2028 1299 inerepare
2048 1234 2309 1283 sustinuit

409 1301 478 1354 ob
497 1310 705 1371 paetum
724 1319 844 1356 cum
863 1321 980 1374 rege
999 1309 1281 1361 Aromaeae
1299 1311 1350 1379 ¹)
1369 1309 1591 1371 sactumz
1628 1317 1679 1362 et
1695 1317 1896 1377 praeter
1914 1310 2012 1361 hoe
2030 1310 2129 1362 alia
2152 1323 2310 1374 repe-

411 1381 615 1432 riuntur
653 1382 910 1449 exempla,
951 1399 1086 1450 quae
1123 1387 1438 1451 ostendunt,
1490 1388 1786 1454 religionem
1828 1387 1947 1453 plus
1987 1387 2306 1447 detrimenti,

411 1472 567 1522 quam
593 1459 898 1512 inerementi
930 1476 991 1513 ex
1006 1463 1096 1514 tali
1115 1463 1349 1517 libertate
1368 1466 1659 1532 accepisse,
1698 1465 1874 1516 utiam
1894 1471 2121 1525 taceam,
2164 1462 2307 1529 qnod

408 1534 530 1586 hine
558 1536 738 1601 etiem,
781 1537 922 1603 quod
951 1540 1227 1607 prophetae
1260 1548 1460 1595 tantum
1489 1541 1591 1594 sibi
1622 1543 1705 1593 ius
1737 1541 2074 1603 retinuerint,
2114 1553 2307 1605 magna

411 1611 548 1664 bella
566 1613 729 1666 civilia
751 1621 858 1666 orte
879 1614 1091 1669 fuerint.

513 1689 598 1742 15.
635 1691 734 1743 111.
773 1691 1000 1759 Dignum
1022 1695 1178 1749 etiam
1197 1703 1255 1747 ut
1272 1700 1477 1748 notetur
1496 1704 1593 1759 est,
1616 1696 1754 1763 quod
1776 1709 1933 1762 quam
1959 1691 2047 1747 diu
2067 1693 2301 1762 populus

412 1781 624 1831 regnum
645 1771 839 1831 tenuit,
863 1785 964 1822 non
985 1772 1084 1824 nisi
1105 1787 1272 1825 unum
1292 1772 1490 1826 bellum
1510 1774 1655 1826 civile
1673 1773 1935 1835 habuerit,
1961 1772 2101 1838 quod
2126 1779 2303 1823 tamen

410 1844 646 1895 absolute
668 1846 977 1899 exstinctum
996 1847 1120 1910 tuit,
1161 1856 1213 1901 et
1230 1850 1443 1902 victores
1464 1852 1715 1902 victorum
1736 1851 1802 1901 lta
1824 1850 2018 1900 miserti
2048 1854 2201 1910 sunt,
2246 1855 2308 1899 ut

410 1919 656 1973 omnibus
685 1921 854 1975 modis
881 1926 1195 1989 curaverint,
1236 1927 1446 1979 eosdem
1464 1930 1517 1979 in
1539 1928 1801 1993 antiquam
1828 1938 1976 1977 suam
1998 1926 2304 1990 dignitatem

411 2003 464 2047 et
499 1999 780 2064 potentiam
821 2002 1090 2054 restituere
1103 2004 1176 2068 ²).
1248 2003 1322 2056 At
1356 2012 1633 2071 postquam
1668 2003 1920 2071 populus,
1961 2001 2171 2068 regibus
2199 2003 2307 2053 mi-

412 2075 550 2125 nime
578 2083 819 2127 assuetus
835 2116 849 2139 ,
888 2078 1092 2144 imperii
1112 2080 1333 2146 primam
1354 2081 1570 2134 formem
1590 2082 1642 2131 in
1664 2080 2041 2132 monarchioam
2064 2081 2300 2142 mutavit,

411 2150 644 2203 civilibus
671 2152 823 2205 bellis
854 2155 1031 2207 nullus
1057 2156 1163 2207 fere
1195 2157 1317 2209 finis
1347 2158 1471 2221 fuit,
1512 2166 1561 2210 et
1587 2158 1777 2225 proelia
1797 2157 1927 2208 adeo
1946 2156 2135 2207 atrocia
2154 2170 2303 2207 eom—

411 2229 690 2291 misernnt‚
733 2238 791 2281 ut
818 2232 1050 2283 omnium
1081 2233 1269 2285 famem
1298 2234 1729 2302 exsuperaveriut.
1805 2234 1888 2285 16.
1930 2236 1989 2285 In
2022 2247 2123 2284 uno
2162 2234 2301 2285 enim

412 2306 608 2373 proelio
643 2306 811 2374 (quod
851 2307 1007 2359 fldem
1038 2310 1142 2362 fere
1170 2312 1410 2379 superat)
1450 2313 1736 2377 quingenta
1763 2310 1925 2361 millia
1954 2310 2302 2362 israelitarum

412 2384 580 2435 necati
615 2391 740 2434 sunt
768 2399 797 2436 a
828 2384 1036 2436 Iudaeis
1050 2386 1132 2453 3);
1173 2394 1225 2437 et
1255 2388 1308 2438 in
1343 2388 1443 2439 alio
1482 2393 1656 2439 contra
1692 2387 1957 2439 israelitae
1990 2387 2303 2439 ludaeorum

413 2460 606 2512 multos
643 2461 900 2513 trucidant
945 2460 1223 2528 (numerus
1257 2464 1313 2515 in
1352 2464 1617 2529 Scriptura
1655 2477 1757 2515 non
1801 2463 2073 2532 traditur),
2120 2464 2301 2532 ipsum

412 2550 585 2602 regem
604 2537 840 2604 capiunt,
877 2538 1270 2605 Hierosolymne
1289 2554 1497 2591 murum
1518 2539 1623 2592 iere
1642 2538 2019 2601 demoliuntur,
2055 2547 2105 2592 et
2120 2541 2301 2607 ipsum

413 2613 666 2681 templum
701 2614 788 2679 (ut
823 2615 927 2666 irae
953 2614 1157 2667 nullum
1188 2616 1402 2668 modurn
1434 2616 1597 2669 fuisse
1627 2618 1895 2686 noscetur)
1932 2618 2141 2670 omniuo
2172 2632 2301 2685 spo-

414 2690 560 2750 liant,
592 2696 644 2741 et
661 2690 857 2756 ingenti
878 2692 1090 2744 fratrum
1109 2694 1301 2760 praeda
1320 2694 1495 2746 onusti
1516 2701 1566 2746 et
1583 2696 1840 2760 sangnine
1860 2695 2054 2757 satiati,
2076 2698 2300 2761 acceptis

415 2764 690 2819 obsidibus
707 2774 760 2820 et
777 2782 894 2835 rege
911 2770 966 2822 in
985 2770 1091 2822 iam
1110 2768 1215 2823 fere
1236 2775 1431 2823 vastato
1451 2784 1549 2823 suo
1568 2784 1723 2838 regno
1744 2771 1945 2836 relicto,
1977 2784 2116 2824 arma
2136 2771 2303 2839 depo-

518 2970 562 3020 t)
589 2971 844 3027 perperam
863 2977 972 3017 ante
989 2971 1241 3029 legebatur
1260 2974 1307 3020 in
1327 2974 1436 3021 edit.
1458 2974 1706 3021 omnibus:
1745 2972 2011 3020 Armeniae.

517 3030 564 3081 2)
590 3028 722 3074 Gonl'.
747 3031 892 3076 ludio.
914 3043 954 3077 e.
975 3035 1044 3078 20.
1066 3040 1113 3078 et
1129 3036 1198 3078 21.

518 3090 564 3141 a)
589 3088 690 3134 vid.
711 3092 740 3132 2
755 3090 926 3137 chron.
949 3094 1016 3152 18,
1038 3094 1106 3141 ιτ.
