2350 3475
883 159 1019 205 car.
1072 158 1167 205 ιιι.
1828 167 1833 211 ῑ
1870 150 1993 212 285

101 360 162 405 ut
200 354 420 440 -ῪἹΡΒΗ
450 351 720 421 tiphkedu,
741 350 832 404 ubi
854 353 1079 420 primum
1099 351 1281 405 sebeva
1300 351 1597 421 corripitur,
1635 357 1686 403 et
1703 349 1990 425 seeundum

101 418 495 505 pronnflefaiur.
548 438 722 506 Atque
739 437 862 490 bine
879 437 937 490 fit
950 476 964 499 ‚
991 444 1051 489 ut
1071 437 1257 491 sebeva
1274 437 1375 491 sub
1394 437 1539 491 litera
1558 445 1749 506 puncto
1770 435 1993 503 dagesch

100 530 285 576 notata
305 524 457 576 etiam
478 524 859 592 pronuntietur,
877 531 939 577 nt
973 528 1144 613 ’ΠΡΒ
1166 524 1423 591 pikkedu.
1492 526 1623 579 Nam
1660 531 1911 592 puuctum
1939 523 1992 573 iu

100 617 146 677 ρ
187 609 400 662 denotat
435 614 478 701 Ρ
515 610 904 678 duplicandum,
926 618 975 662 et
992 588 1221 678 primum
1240 610 1623 678 corripiendum
1642 624 1779 662 esse.
1815 610 1881 660 Et
1899 607 1996 658 bae

101 698 266 748 etiam
296 696 360 758 de
387 709 542 748 eausa
568 697 928 763 pronuntiatur
957 697 1167 760 seheva,
1212 696 1424 763 quando
1450 710 1555 749 una
1580 697 1726 749 litera
1750 696 1805 747 in
1822 692 1997 745 medio

101 781 382 845 dictionis»,
413 780 506 833 sed
527 795 631 833 non
649 781 783 834 inter
801 782 931 835 duas
949 782 1150 835 vocales
1171 782 1493 849 duplicatur,
1532 789 1593 835 ut
1627 785 1760 846 ’σ33η
1796 780 1992 842 bimi,

102 864 202 918 ubi
229 866 413 920 sebeva
433 866 533 919 sub
550 868 718 936 primo
752 872 780 929 3
818 868 1260 936 pronuntiandum
1299 875 1395 920 est.
1466 868 1597 921 Nam
1626 848 1999 934 si'⁸e'orripien-

104 953 239 1005 dum
260 960 418 1017 esset,
439 952 651 1007 deberet
669 953 823 1007 etiam
859 958 888 1015 3
926 954 1134 1022 corripi,
1163 961 1217 1005 et
1233 954 1553 1006 antecedenti
1574 952 1801 1022 syllabae
1818 950 1999 1021 gbirek

105 1038 403 1105 adhaerere,
426 1038 607 1092 etloeo
644 1042 776 1131 ’33η
806 1040 985 1091 Ιιίποπί
1012 1039 1345 1093 scribendum
1378 1046 1519 1119 esset
1551 1042 1662 1104 ’3η
1691 1041 1860 1092 hinni.

216 1150 304 1203 16.
343 1151 582 1203 Ceterum
617 1151 818 1218 reliqua
853 1150 1094 1204 sebevata
1137 1166 1346 1220 semper
1388 1152 1761 1219 corripiuntur,
1808 1158 1861 1203 et
1905 1165 2003 1217 ap-

103 1229 278 1295 prime
302 1227 618 1291 notandum,
661 1242 758 1279 nos
775 1241 1016 1295 expresse
1033 1229 1328 1293 monuisse,
1371 1242 1526 1281 omne
1552 1229 1737 1281 achera
1764 1232 2003 1296 pronun·

105 1304 350 1357 tiandnm
368 1304 448 1357 vel
467 1305 643 1367 initio,
686 1304 766 1356 vel
783 1305 837 1356 in
859 1305 1030 1357 medio
1048 1306 1295 1360 dictionis
1314 1320 1601 1360 occurrere.
1672 1306 1803 1359 Nam
1824 1305 1879 1355 in
1898 1303 2001 1356 line

107 1394 400 1447 numquam
425 1381 806 1449 pronuntiatur.
881 1382 1034 1447 Quod
1064 1391 1125 1436 ut
1143 1383 1329 1436 melius
1351 1380 1692 1449 intelligatur,
1716 1381 2000 1433 notandum
2028 1441 2033 1446 ι

105 1457 195 1509 bie
223 1463 332 1521 est,
374 1457 514 1523 quod
542 1458 727 1511 sebeva
755 1472 909 1511 omne
937 1468 1017 1512 est
1036 1460 1273 1513 absoluta
1292 1460 1513 1529 syllaba,
1553 1474 1685 1527 quae
1703 1460 1813 1513 sola
1832 1457 2001 1511 audiri

101 1534 305 1601 possit,
344 1534 438 1586 aed
464 1549 672 1603 semper
695 1535 776 1587 vel
806 1537 1126 1589 antecedenti
1155 1538 1235 1590 vel
1262 1539 1499 1604 sequenti
1518 1536 1795 1590 adhaerere
1816 1534 1998 1598 debet;

101 1618 267 1677 atque
311 1610 431 1663 bine
481 1610 564 1674 flt,
611 1618 674 1665 nt
718 1611 922 1667 nulium
965 1614 1407 1682 monosyllabum·
1432 1614 1669 1667 sebevate
1704 1620 1997 1683 punctetur.

106 1688 197 1741 17.
237 1687 388 1741 Unde
415 1695 627 1757 apparet
653 1689 834 1744 sebeva
867 1698 1163 1759 correptum
1194 1691 1321 1744 nihil
1342 1706 1485 1755 esse,
1528 1706 1686 1760 quam
1704 1710 1734 1744 e
1752 1690 2001 1745 brevissi—

104 1779 259 1818 mum
306 1767 632 1834 praecedenti
677 1767 904 1833 syllabae
952 1769 1266 1831 adbaerens3
1332 1771 1777 1838 pronuntiandum
1827 1775 2000 1821 autem

83 1841 242 1914 ‚nibil
259 1842 402 1896 aliud
419 1851 500 1896 est
515 1883 530 1906 ,
569 1857 730 1912 quam
747 1862 777 1897 e
794 1844 1160 1901 brevissimum
1182 1849 1424 1914 sequenti
1441 1847 1669 1917 syllabae
1688 1847 1999 1907 adbaerens3

104 1919 256 1988 quod
275 1921 398 1986 quia
414 1927 536 1973 ante
554 1920 804 1988 syllabam
821 1925 1043 1976 sentitur
1055 1963 1070 1988 ,
1101 1925 1221 1977 ideo
1238 1926 1407 1994 ipsius
1425 1925 1775 1994 pronuntiatio
1794 1938 2005 1990 expres-

107 1999 221 2049 sior
247 2003 349 2050 est.
422 1998 505 2052 18.
541 1997 691 2051 Unde
709 2001 970 2067 sequitur,
1014 2001 1069 2053 in
1090 2003 1237 2055 initio
1258 2003 1499 2056 dictionis
1516 2001 1844 2071 impossibile
1864 2015 2001 2062 esse,

105 2081 172 2126 ut
201 2074 531 2142 praecedenti
557 2075 784 2141 syllabae
807 2076 1108 2142 adhaereat3
1145 2080 1201 2132 in
1230 2079 1333 2133 fine
1359 2087 1536 2134 autem
1554 2086 1731 2132 eontra
1747 2078 2003 2144 impossi-

107 2151 218 2202 bile
249 2165 396 2214 esse,
435 2159 494 2203 ut
519 2154 756 2220 sequenti
783 2153 1086 2219 adhaereat,
1127 2157 1361 2222 adeoque
1387 2157 1445 2210 in
1464 2156 1567 2209 fine
1585 2156 1855 2215 dictionis,
1895 2155 2003 2206 sive

105 2235 230 2296 post
247 2228 496 2295 syllabam
515 2229 740 2296 longam,
757 2232 864 2284 sive
881 2239 1004 2299 post
1021 2231 1247 2297 brevem,
1262 2234 1372 2286 aive
1390 2233 1491 2286 sub
1511 2234 1655 2286 litera
1674 2230 1999 2298 dagesebata,

108 2307 222 2357 sive
241 2304 374 2370 leni,
415 2309 521 2360 sive
541 2308 767 2374 denique
786 2323 950 2361 unum
964 2348 980 2376 ,
1015 2310 1121 2362 sive
1140 2308 1247 2362 dno
1266 2318 1563 2372 occurrant,
1602 2323 1810 2376 semper
1829 2314 2001 2358 tamen

107 2382 408 2448 corripitur.
481 2385 568 2436 19.
615 2385 792 2448 Quum
839 2393 1013 2438 autem
1060 2388 1115 2439 in
1152 2388 1325 2440 medio
1361 2387 1603 2441 dictionis
1641 2393 1761 2453 post
1793 2385 2003 2449 longam

107 2461 362 2523 occurrit,
395 2462 586 2514 modus
603 2464 970 2528 pronuntiandi
990 2463 1247 2531 postulat,
1279 2473 1338 2517 ut
1364 2465 1602 2531 sequenti
1624 2463 1920 2523 adhaereat,
1953 2467 2003 2510 et

108 2538 158 2588 si
177 2537 286 2588 duo
303 2545 595 2601 occurrant,
629 2547 690 2590 ut
704 2541 931 2606 primum
950 2542 1273 2595 antecedenti
1288 2581 1302 2604 ‚
1334 2541 1623 2594 seeundum
1643 2539 1881 2604 sequenti
1900 2536 2001 2589 ad·-

108 2615 340 2666 haereat.
410 2614 570 2667 Porro
588 2615 712 2668 bine
728 2618 884 2670 etiam
901 2625 1067 2686 patet,
1093 2621 1261 2671 curin
1282 2620 1429 2671 initio
1450 2618 1693 2670 dictionis
1714 2628 2001 2681 numquam

109 2691 220 2742 duo
248 2683 515 2756 sehevata,
557 2700 614 2746 ut
640 2708 734 2747 nee
759 2695 914 2746 etiam
944 2696 996 2765 in
1025 2696 1199 2748 medio
1221 2696 1461 2749 dictionis
1479 2701 1597 2762 post
1615 2687 1864 2760 syllabam
1881 2693 2027 2743 ion··'

110 2783 235 2834 gam
263 2776 552 2899 ooctrrant.
623 2771 753 2824 Nam
789 2771 892 2824 duo
928 2772 1166 2826 sebevata
1204 2769 1440 2839 sequenti
1474 2770 1699 2842 syllabae
1724 2770 2004 2823 adhaerere

112 2860 362 2913 nequeun
1007 2877 1012 2883 ·

216 2940 306 2995 20.
343 2941 641 2995 Gutturalea
685 2941 870 2998 sebeva
912 2927 1358 3013 pronuntiandum
1404 2944 1591 2998 babere
1620 2951 1913 3014 nequeunt,
1952 2951 2004 2994 et
2066 2913 2072 2919 ⁸

114 3031 232 3068 raro
261 3017 444 3071 sebeva
471 3019 851 3088 corripiendum
880 3021 1096 3087 babent3
1135 3022 1229 3076 sed
1256 3024 1369 3077 eius
1398 3022 1512 3076 loeo
1542 3030 1647 3076 tres
1666 3021 1889 3093 syllabas
1907 3019 2003 3071 ba-

113 3093 246 3147 bent
278 3095 478 3150 medias
513 3099 649 3150 iuter
682 3097 889 3153 brevem
929 3109 980 3153 et
1012 3101 1400 3168 brevissimam,
1452 3115 1586 3170 quae
1620 3103 1697 3154 sie
1730 3105 2007 3163 notanturz
