2350 3475
330 118 460 182 25⁴
735 122 1126 168 Tuaen-rus
1161 121 1821 170 THEOLofflco-Pom'r.

328 308 536 369 pactum
567 299 710 368 (vide
735 301 894 354 Num.
923 313 1037 366 cap.
1061 300 1144 351 15.
1174 313 1308 351 vers.
1332 299 1449 368 36.)
1466 338 1482 362 ,
1522 306 1801 368 postquam
1830 299 2028 353 scilicet
2046 313 2227 352 unus-

330 379 558 445 quisque
585 379 696 430 inre
723 391 822 430 suo
849 375 1068 428 naturali
1095 378 1253 428 cessit
1279 383 1331 428 et
1356 377 1632 430 sabbatum
1661 392 1723 430 ex
1748 377 1859 430 iure
1888 378 2093 444 imperii
2112 379 2225 429 vim

329 456 557 509 mandati
587 455 801 522 accepit.
875 453 962 506 13.
997 454 1241 519 Denique
1266 453 1363 506 hac
1392 456 1547 508 etiam
1564 455 1629 507 de
1648 469 1803 508 causa
1823 456 2085 508 destructo
2101 455 2225 507 Re·-

330 533 606 586 braeorum
632 531 850 598 imperio
878 531 1059 597 religio
1079 531 1297 583 revelata
1316 532 1420 584 vim
1437 533 1565 584 iuris
1586 532 1775 584 babere
1792 532 1975 595 desiit3
2014 547 2227 598 nequa-

330 623 488 675 quam
515 610 654 660 enim
685 607 920 661 dubitare
951 621 1265 676 possumus,
1308 610 1433 675 quin
1451 610 1693 678 simulac
1711 607 1937 662 Hebraei
1956 611 2041 660 ius
2056 623 2223 661 suum

329 688 384 737 in
404 683 748 751 Babylonium
777 699 949 751 regem
968 686 1373 749 transtulerunt,
1413 687 1655 738 continuo
1676 701 1891 753 regnum
1908 687 2006 738 Dei
2024 688 2224 752 iusque

331 763 564 813 divinum
585 763 877 814 cessaverit.
958 764 1040 814 14.
1079 764 1218 815 Num
1248 778 1307 816 eo
1334 764 1451 829 ipso
1470 772 1699 829 pactum,
1724 778 1830 830 quo
1852 763 2223 830 promiserant,

329 837 593 898 omnibus,
618 853 749 905 quae
769 840 910 891 Deus
932 839 1253 906 loqueretur,
1282 840 1512 902 obedire,
1542 841 1791 907 quodque
1807 841 1903 892 Dei
1923 840 2067 906 regni
2086 839 2221 892 fun-

331 915 630 968 damentum
651 915 836 978 fuerat,
861 918 1074 968 omnino
1093 916 1358 970 sublatum
1381 925 1478 979 est,
1501 932 1597 970 nec
1616 933 1678 970 eo
1696 918 1922 986 amplius
1940 926 2076 970 stare
2092 925 2223 984 pot-

329 1000 498 1054 erant,
537 992 962 1059 quandoquidem
997 994 1064 1046 eb
1091 1007 1153 1045 eo
1190 1001 1421 1062 tempore
1464 1009 1570 1048 non
1608 995 1834 1062 amplius
1863 995 1945 1048 sui
1974 995 2103 1046 iuris
2135 994 2225 1061 (ut

329 1083 494 1135 quum
515 1070 568 1120 in
587 1069 806 1122 desertis
827 1071 976 1123 velia
997 1072 1161 1137 patria
1181 1072 1383 1140 essent)
1399 1112 1412 1133 ‚
1452 1070 1547 1124 sed
1566 1073 1701 1138 regis
1719 1071 2027 1139 Babyloniae
2049 1079 2217 1131 erant,
2328 1131 2330 1144 Ι

329 1147 414 1198 cui
443 1146 498 1196 in
525 1146 773 1199 omnibus
804 1147 890 1216 (ut
907 1161 1023 1214 cap.
1043 1148 1183 1200 XVI.
1206 1149 1557 1217 ostendimus)
1580 1149 1793 1202 obedire
1810 1147 2119 1202 tenebantur
2132 1149 2185 1216 ι)
2200 1165 2221 1208 ς

330 1223 470 1289 quod
509 1224 664 1276 etiam
694 1225 940 1276 Ieremias
975 1225 1188 1277 eosdem
1234 1239 1349 1292 cap.
1380 1226 1469 1280 2⁹.
1502 1241 1631 1278 vers.
1670 1227 1723 1278 7.
1754 1239 1994 1292 expresse
2022 1233 2222 1278 monet.

330 1300 619 1365 Consulite,
659 1302 858 1366 inquit,
890 1305 1024 1368 paci
1055 1305 1320 1368 civitatis,
1362 1303 1437 1354 ad
1469 1319 1631 1369 quam
1664 1318 1758 1355 vos
1792 1305 2028 1370 captivos
2060 1302 2223 1354 darei.

327 1377 470 1430 Nam
495 1380 664 1446 ipsius
689 1379 1056 1430 incolumitate
1073 1381 1223 1431 vobis
1240 1382 1346 1430 ente
1360 1381 1720 1432 incolumitas.
1797 1379 1881 1432 15.
1919 1380 1991 1432 At
2010 1379 2225 1431 incolu-

329 1456 494 1508 mitati
515 1454 658 1506 illius
677 1455 898 1508 civitatis
919 1457 1191 1508 consulere
1208 1471 1311 1508 non
1332 1464 1584 1524 poterant,
1609 1463 1873 1524 tamquam
1894 1457 2099 1524 imperii
2114 1458 2228 1508 mi-

328 1531 482 1584 nistri
517 1531 733 1599 (captivi
769 1534 908 1585 enim
947 1535 1143 1602 erant),
1187 1535 1281 1586 sed
1318 1542 1583 1601 tamqnam
1620 1537 1780 1597 servi,
1820 1548 1877 1586 se
1916 1533 2113 1586 scilicet
2152 1535 2226 1586 ad

327 1607 561 1661 vitandas
597 1608 880 1662 seditiones
917 1610 971 1661 in
1011 1610 1257 1663 omnibus
1296 1611 1595 1663 obedientes
1632 1610 1967 1678 praestando,
2014 1612 2225 1679 imperii

333 1687 446 1738 iura
467 1693 519 1737 et
539 1686 698 1753 leges,
721 1687 925 1741 tametsi
947 1701 976 1739 a
993 1687 1218 1755 legibus,
1243 1688 1439 1756 quibus
1458 1691 1510 1741 in
1532 1691 1693 1757 patria
1712 1679 2099 1749 consueverant,
2122 1687 2229 1740 ad-

335 1762 546 1817 modum
567 1762 786 1829 diversa,
811 1764 1132 1817 observando
1153 1774 1253 1820 etc.
1310 1767 1395 1821 16.
1433 1766 1509 1818 Ex
1529 1766 1723 1833 quibus
1742 1765 1987 1819 omnibus
2006 1766 2227 1819 eviden-
2331 1798 2332 1803 κ

329 1841 534 1892 tissime
582 1840 844 1904 sequitur,
895 1840 1199 1907 religionem
1248 1843 1386 1909 apud
1432 1842 1699 1897 Hebraeos
1733 1846 1837 1895 vim
1874 1844 2005 1895 iuris
2039 1858 2069 1895 a
2104 1844 2227 1895 solo

329 1916 536 1983 imperii
563 1916 678 1967 iure
705 1918 992 1993 accepisse,
1037 1926 1088 1971 et
1115 1934 1176 1971 eo
1198 1920 1461 1972 destructo
1481 1935 1583 1971 non
1601 1920 1829 1986 amplius
1846 1927 2113 1986 tamquam
2134 1922 2229 1971 iu-

329 2000 472 2045 stum
520 1992 800 2057 singularis
837 1994 1072 2062 imperii,
1121 1997 1216 2048 sed
1253 1997 1559 2050 catholicum
1596 1997 1811 2050 rationis
1848 1997 2225 2051 documentum

330 2068 508 2122 baberi
527 2070 782 2137 potuisse.
838 2068 1084 2125 Rationis
1099 2075 1343 2139 inquam:
1384 2088 1502 2126 nam
1523 2074 1771 2128 catholica
1786 2074 1963 2139 religio
1982 2075 2225 2127 nondum

330 2162 391 2199 ex
408 2146 714 2199 revelatione
733 2148 1043 2202 innotuerat.
1120 2152 1205 2203 17.
1242 2149 1497 2204 Absolute
1518 2152 1674 2218 igitur
1692 2151 2072 2215 concludimus,
2095 2152 2229 2205 reli-

329 2225 536 2291 gionem
551 2262 564 2283 ‚
595 2224 704 2276 sive
722 2239 782 2278 ea
799 2226 995 2278 lumine
1014 2228 1267 2290 naturali,
1297 2228 1405 2280 sive
1425 2228 1727 2298 prophetico
1744 2228 1963 2281 revelata
1983 2230 2075 2291 sit,
2112 2229 2223 2281 vim

329 2301 562 2354 mandati
583 2302 812 2368 accipere
831 2316 889 2355 ex
907 2304 1019 2356 solo
1039 2319 1219 2357 eorum
1240 2305 1462 2369 decreto,
1485 2307 1574 2372 qui
1594 2307 1676 2357 ius
1694 2305 1984 2373 imperandi
2004 2304 2217 2368 babent.

331 2385 384 2432 et
410 2380 580 2431 Deum
609 2379 813 2431 nullum
841 2380 1106 2448 singulare
1133 2396 1351 2448 regnum
1382 2383 1435 2433 in
1473 2382 1711 2435 homines
1738 2381 1955 2443 babere,
1996 2383 2095 2435 nisi
2124 2398 2225 2451 per

331 2470 450 2518 eos,
490 2457 580 2523 qui
619 2457 899 2523 imperinm
935 2466 1131 2510 tenent.
1209 2459 1294 2512 18.
1333 2460 1583 2526 Sequitur
1617 2458 1715 2513 hoc
1750 2460 1905 2512 etiam
1940 2466 1993 2511 et
2027 2460 2223 2513 clarius

331 2536 484 2586 etiam
502 2533 831 2600 intelligitur,
846 2550 911 2588 ex
931 2536 1084 2589 dictis
1103 2536 1156 2587 in
1180 2550 1295 2603 cap.
1316 2539 1406 2588 lv.
1477 2535 1558 2588 lbi
1578 2537 1717 2589 enim
1738 2536 2095 2599 ostendimus,
2115 2540 2223 2591 Dei

331 2611 534 2663 decreta
559 2619 818 2663 aeternam
844 2613 1108 2665 veritatem
1139 2620 1191 2664 et
1218 2614 1575 2666 necessitatem
1606 2614 1777 2666 omnia
1796 2613 2079 2676 involvere,
2120 2630 2224 2667 nec

331 2701 488 2755 posse
523 2689 723 2755 concipi
759 2690 930 2740 Deum
967 2696 1229 2755 tamquam
1263 2691 1549 2759 principem
1586 2690 1665 2743 vel
1699 2689 2043 2756 legislatorem
2072 2690 2225 2757 leges

331 2763 634 2816 hominibus
670 2765 1013 2835 ferentem-²)
1085 2768 1170 2819 19.
1212 2768 1537 2837 Quapropter
1573 2767 1741 2820 divina
1778 2765 2088 2820 documenta
2126 2769 2227 2821 lu-

332 2841 471 2891 mine
492 2841 709 2893 naturali
728 2842 808 2895 vel
827 2844 1124 2911 prophetico
1142 2846 1358 2898 revelata
1378 2847 1480 2899 vim
1497 2844 1726 2899 mandati
1744 2858 1777 2897 a
1791 2845 1901 2898 Deo
1918 2845 2225 2900 immediate

435 3025 481 3078 1)
509 3023 609 3067 vm.
630 3036 732 3080 cap.
753 3028 817 3071 ιο.
837 3029 880 3081 ς.
899 3028 967 3071 es.

431 3086 477 3137 2)
501 3082 609 3128 vid.
631 3095 732 3142 cap.
752 3088 792 3130 4.
814 3088 856 3140 ς.
875 3087 946 3128 ετ.
