2350 3475
953 105 1090 148 cap,
1145 103 1237 150 111.
1937 97 2019 158 59

135 279 228 342 id,
267 277 406 345 qnod
424 278 697 344 volumus,
738 279 803 330 ad
823 280 1076 330 amussim
1105 278 1273 330 docet.
1344 281 1431 332 46.
1470 279 1648 343 Quum
1670 293 1787 345 ergo
1806 281 1907 344 ait,
1945 283 2033 334 Iu-

135 358 288 408 daeis
314 361 525 408 tantum
551 357 659 407 Dei
683 355 896 423 eloquia
923 357 1126 408 credita
1147 358 1331 422 fuisse
1343 395 1361 422 ,
1401 356 1481 408 vel
1509 356 1901 422 intelligendum
1930 366 2028 423 est,

139 433 282 500 quod
300 434 367 484 iis
387 440 591 484 tantum
609 432 750 499 leges
769 434 976 499 scripto,
1008 433 1225 500 reliquis
1246 441 1417 486 autem
1439 433 1681 500 gentibus
1700 434 1809 485 sola
1827 441 2033 486 tantum

140 511 450 562 revelatione
482 517 534 561 et
551 517 802 576 conceptu
823 510 1143 562 concreditae
1163 511 1374 563 fuerunt
1390 551 1404 573 ,
1439 513 1513 562 vel
1536 512 1812 563 dicendum
1834 510 2035 578 (quan-

141 588 426 654 doquidem
450 586 504 637 id
519 626 534 648 ,
576 585 718 653 quod
737 587 835 638 soli
853 588 1029 639 Iudaei
1051 589 1273 639 obiicere
1293 594 1525 655 poterant
1538 627 1551 654 ,
1589 589 1893 655 propulsare
1910 595 2032 639 stu-

141 665 284 734 det),
323 664 550 716 Paulum
587 678 648 714 ex
685 671 835 730 captu
873 671 923 715 et
955 664 1247 716 secundum
1285 667 1555 732 opiniones
1580 666 1891 717 Indaeorum
1920 673 2033 716 tum

141 743 392 810 temporis
423 747 656 806 receptas
683 740 1020 804 respondere3
1067 756 1185 792 nam
1214 742 1280 792 ad
1316 757 1403 804 ea,
1446 758 1577 808 quae
1606 743 1789 809 partim
1818 743 2030 803 viderat,

141 820 330 884 partim
349 819 642 879 audiverat,
681 817 1032 881 edocendum,
1075 832 1194 872 cum
1214 820 1426 871 Graecis
1454 827 1560 872 erat
1579 821 1807 872 Graecus
1836 827 1886 871 et
1914 833 2034 870 cum

143 896 349 948 Indaeis
367 895 616 948 Iudaeus·
687 894 807 946 vid.
832 894 856 945 1
881 896 997 946 Cor.
1021 897 1071 958 9,
1097 898 1181 948 19.
1202 911 1321 962 sqq.
2038 959 2041 964 ,

242 971 336 1024 4⁷.
377 973 628 1038 Superest
645 973 746 1023 iam
767 980 969 1025 tantum
991 979 1048 1022 ut
1065 976 1393 1038 quorundam
1414 973 1699 1026 rationibus
1718 972 2037 1039 respondea-

145 1063 261 1100 mus
279 1088 296 1111 ,
337 1049 534 1114 quibus
553 1049 656 1101 sibi
678 1050 990 1116 persuadere
1010 1050 1206 1117 volunt,
1228 1053 1584 1104 Hebraeorum
1606 1051 1907 1103 electionem
1930 1057 2035 1100 non

144 1133 533 1194 temporaneam
583 1134 634 1177 et
680 1128 874 1178 ratione
919 1125 1080 1178 solius
1127 1129 1360 1195 imperii,
1418 1130 1510 1180 sed
1550 1135 1808 1180 aeternam
1848 1129 2033 1178 fuisse.

143 1205 274 1255 Nam
289 1241 306 1265 ‚
348 1205 524 1267 aiunt,
566 1204 800 1256 videmus
821 1203 1042 1254 Iudaeos
1061 1211 1182 1270 post
1198 1205 1397 1270 imperii
1421 1206 1755 1256 amissionem
1780 1211 1853 1255 tot
1871 1218 2041 1255 annos

141 1279 344 1344 ubique
376 1294 588 1346 sparsos
621 1287 992 1348 separatosque
1019 1279 1084 1330 ab
1121 1280 1365 1332 omnibus
1404 1281 1703 1333 nationibus
1728 1282 2037 1346 superstites

142 1372 292 1417 esse,
335 1357 476 1421 quod
503 1357 633 1408 nulli
663 1358 748 1409 alii
777 1359 972 1410 nationi
1000 1359 1239 1423 contigit3
1278 1357 1465 1409 deinde
1492 1357 1633 1424 quod
1664 1371 1838 1408 sacrae
1858 1357 2035 1407 literae

143 1433 328 1484 multis
356 1435 410 1484 in
441 1433 569 1488 locis
598 1433 778 1486 docere
807 1435 1073 1495 videntur,
1107 1436 1276 1486 Deum
1305 1436 1525 1486 Iudaeos
1556 1435 1609 1484 in
1641 1441 1906 1485 aeternum
1935 1431 2038 1484 sibi

143 1511 386 1576 elegisse,
411 1511 662 1577 adeoque,
684 1512 889 1564 tametsi
907 1513 1185 1578 imperium
1206 1512 1556 1578 perdiderunt,
1582 1511 1742 1562 nihilo
1762 1511 1937 1562 minus
1959 1518 2039 1562 ta·-

143 1601 268 1638 men
289 1588 385 1638 Dei
406 1587 594 1640 electos
613 1602 842 1641 manere.
915 1589 1003 1642 48.
1041 1591 1175 1641 Loca
1192 1629 1206 1652 ,
1247 1604 1381 1655 quae
1399 1589 1531 1640 hanc
1550 1595 1806 1639 aeternam
1829 1587 2040 1638 electio-

143 1679 269 1715 nem
293 1679 451 1730 quam
470 1664 752 1717 clarissime
774 1665 956 1718 docere
976 1675 1174 1734 putant,
1200 1674 1321 1718 sunt
1340 1667 1641 1733 praecipue:
1718 1667 1759 1715 1.
1802 1665 1927 1730 Cap.
1949 1665 2036 1717 31.

143 1758 198 1793 v.
220 1744 311 1795 35.
334 1750 384 1794 et
401 1743 488 1796 36.
520 1743 840 1811 Ieremiae*)
867 1744 956 1795 ubi
983 1745 1231 1811 propheta
1262 1759 1439 1795 semen
1468 1743 1677 1795 Israelis
1697 1745 1751 1794 in
1772 1750 2038 1795 aeternum

143 1826 356 1884 gentem
371 1821 467 1871 Dei
487 1834 784 1873 mansuram
806 1828 1038 1890 testatur,
1061 1821 1408 1887 comparando
1427 1822 1674 1872 nimirum
1694 1834 1783 1871 eos
1804 1834 1920 1871 cum
1945 1819 2039 1869 fixo

143 1895 410 1947 coelorum
448 1906 500 1947 et
534 1906 746 1949 naturae
781 1897 982 1952 ordine.
1071 1901 1140 1949 11.
1184 1897 1467 1950 Ezechielis
1489 1912 1602 1964 cap.
1626 1897 1713 1951 20.
1735 1912 1783 1947 v.
1806 1897 1892 1949 32.
1915 1904 2037 1956 etc„

145 1972 244 2023 nbi
261 1972 466 2024 videtur
481 1974 628 2035 velle,
651 1976 791 2041 quod
804 2014 818 2038 ,
843 1976 1079 2041 quamvis
1099 1975 1276 2027 Iudaei
1298 1974 1411 2026 data
1433 1990 1585 2041 opera
1606 1976 1701 2027 Dei
1724 1974 1884 2025 cultui
1904 1973 2043 2025 vale·

145 2048 324 2101 dicere
352 2050 534 2115 velint,
575 2053 718 2103 Deus
748 2060 919 2104 tamen
949 2067 1040 2103 eos
1059 2067 1119 2103 ex
1139 2052 1386 2102 omnibus
1404 2051 1701 2119 regionibus
1718 2090 1731 2111 ‚
1772 2052 1824 2101 in
1846 2049 2041 2115 quibus

143 2126 374 2192 dispersi
397 2134 558 2192 erant,
597 2128 858 2195 recolliget
876 2129 1134 2194 ducetque
1153 2128 1220 2179 ad
1241 2128 1502 2179 desertum
1520 2128 1852 2195 populorum,
1886 2126 2041 2177 sicuti

145 2218 331 2255 eorum
351 2212 590 2270 parentes
612 2205 677 2255 ad
698 2195 920 2273 Aegypti
942 2206 1142 2256 deserta
1175 2205 1346 2269 duxit,
1386 2213 1436 2257 et
1464 2206 1671 2257 tandem
1702 2203 1851 2268 inde,
1868 2227 1875 2233 ·
1892 2209 2042 2269 post-

143 2295 308 2346 quam
327 2295 420 2332 eos
440 2297 469 2332 a
487 2280 764 2334 rebellibus
795 2289 845 2333 et
876 2280 1239 2334 deficientibus
1268 2282 1531 2347 selegerit,
1572 2282 1638 2333 ad
1666 2286 1897 2333 montem
1926 2279 2041 2329 eius

143 2358 458 2420 sanctitatis,
483 2354 574 2409 ubi
596 2364 698 2409 tota
717 2357 924 2410 Israelis
944 2359 1137 2411 familia
1157 2360 1329 2424 ipsum
1351 2360 1501 2410 colet.
1574 2360 1661 2411 49.
1701 2357 1819 2409 Alia
1839 2363 2041 2422 praeter

145 2435 280 2487 baec
297 2434 488 2487 adferri
505 2434 691 2498 solent,
732 2436 1008 2501 praecipue
1027 2451 1054 2485 a
1075 2435 1387 2487 Pharisaeis.
1462 2436 1561 2487 Sed
1587 2431 1832 2485 omnibus
1852 2438 1935 2483 m'e
1954 2446 2046 2483 sa—

147 2512 477 2563 tisfacturum
501 2519 646 2578 puto,
679 2510 768 2563 ubi
789 2512 930 2573 bisce
949 2511 1156 2564 duobus
1181 2511 1522 2578 respondet-03
1564 2510 1702 2577 quod
1722 2510 1817 2561 levi
1839 2508 2043 2575 negotio
2086 2538 2107 2575 s

146 2589 368 2651 faciam,
409 2595 686 2655 postquam
715 2603 773 2638 ex
801 2589 916 2654 ipsa
945 2589 1208 2657 Scriptura
1234 2588 1540 2649 ostendero,
1578 2590 1746 2638 Deum
1773 2586 2042 2637 Hebraeos

146 2667 200 2716 in
241 2672 510 2727 aeternum
549 2679 652 2717 non
691 2665 938 2730 elegisse,
987 2665 1078 2715 sed
1117 2672 1318 2717 tantum
1355 2665 1534 2731 eadem
1571 2663 1894 2724 conditione,
1942 2676 2045 2728 qua

145 2750 299 2795 antea
317 2742 660 2794 Canahanitas
681 2742 892 2807 elegerit
905 2780 922 2805 ,
953 2743 1043 2806 qui
1064 2743 1216 2795 etiam
1230 2781 1245 2805 ,
1278 2750 1510 2807 utsupra
1529 2741 1855 2792 ostendimus
1871 2779 1885 2800 ‚
1907 2754 2045 2808 pon-

149 2820 316 2875 tifices
355 2818 674 2881 habuerunt,
715 2820 806 2884 qui
836 2821 1005 2871 Deum
1042 2821 1277 2885 religiose
1316 2818 1583 2879 colebant,
1622 2826 1673 2868 et
1712 2832 1844 2884 quos
1874 2826 2045 2868 tamen

145 2899 294 2949 Deus
326 2902 551 2963 propter,
569 2910 748 2959 eorum
771 2896 947 2949 luxum
967 2903 1020 2948 et
1037 2894 1325 2948 socordiam
1345 2902 1397 2947 et
1415 2895 1611 2959 malum
1631 2896 1828 2947 cultum
1850 2895 2042 2947 reiecit.

253 3066 295 3115 ‘)
333 3063 469 3111 Gonf.
489 3075 592 3121 cap.
613 3047 680 3105 3‘3.
700 3077 743 3108 v.
761 3066 829 3107 25.
847 3066 916 3107 26.
