2350 3475
885 122 1023 167 car.
1073 120 1158 165 lv.
1814 117 1941 177 237

59 302 188 355 hnic
215 298 482 353 communi
513 297 734 351 defectui
772 294 1052 349 subvenire
1077 294 1313 349 voluerit.
1386 296 1487 347 Sed
1513 303 1689 363 postea
1728 297 1939 350 eosdem

61 374 406 429 examinando
434 375 561 427 nihil
593 375 767 425 minus
795 373 1020 425 invenire
1049 374 1221 439 potni;
1262 372 1353 424 sed
1389 380 1563 425 contra
1596 373 1805 425 eosdem
1834 390 1939 426 non

61 460 270 507 tantum
304 452 398 504 hos
426 452 585 503 animi
605 449 844 511 affectus,
879 448 972 501 sed
1003 450 1145 514 ipsas
1165 450 1419 501 orationes
1436 449 1768 502 confundere.
1839 452 1941 502 Iis-

61 532 184 583 dem
215 528 354 581 enim
385 529 522 579 tonis
549 528 736 589 utitur,
777 525 983 591 quando
1011 526 1272 593 Scriptura
1300 527 1515 588 ironice,
1558 541 1711 591 quam
1730 525 1939 593 quando

61 605 378 673 simpliciter
403 604 658 671 loquitur-3
699 601 881 653 deinde
917 601 1057 653 idem
1086 607 1328 654 accentus
1357 604 1715 671 proprietatem
1742 605 1935 671 puncti,

61 690 107 735 et
141 683 302 734 etiam
331 680 541 747 epicoli,
581 686 634 730 et
660 678 880 729 duorum
909 685 1219 745 punctorum
1252 676 1430 737 babet,
1466 681 1536 730 ita
1562 686 1619 729 ut
1637 687 1939 730 accentuum

61 758 285 827 penuria
310 756 442 807 inter
471 762 662 807 tantam
693 754 1060 805 abundantiam
1087 752 1321 805 laborare
1354 755 1603 806 videatur.
1676 758 1727 807 4.
1768 757 1940 818 Quare

61 834 224 887 credo
243 832 564 885 introductos
583 846 672 883 eos
693 831 857 883 fuisse
871 866 886 891 ,
923 837 1198 896 postquam
1218 830 1383 881 Biblia
1402 829 1455 881 in
1474 830 1678 897 publiea
1698 833 1942 882 concione

61 909 292 975 singulis
337 908 606 961 sabbathis
652 907 818 973 legere
867 913 1244 957 consueverunt
1283 906 1573 969 Pharisaei,
1621 922 1687 959 ne
1724 910 1940 960 nimium

62 987 373 1039 festinanter
399 984 487 1051 (ut
517 982 624 1035 fieri
655 983 788 1035 solet
805 983 858 1033 in
878 996 1032 1047 saepe
1050 982 1277 1047 repetitis
1297 982 1680 1051 devotionibus)
1709 984 1945 1050 legeren-

63 1071 174 1115 tur.
245 1061 314 1111 Et
340 1060 438 1116 hac
463 1060 527 1111 de
548 1073 707 1111 causa
727 1073 904 1111 eorum
925 1059 1174 1109 minutias
1194 1058 1481 1109 Pharisaeis
1498 1067 1549 1111 et
1568 1061 1747 1113 otiosis
1764 1063 1945 1114 Maso-

62 1137 233 1192 rethis
253 1136 518 1203 relinqn03
557 1142 607 1187 et
624 1135 679 1186 id
701 1142 918 1197 tantum,
942 1134 1083 1200 quod
1101 1149 1259 1187 usum
1279 1134 1503 1200 aliquem
1519 1134 1707 1188 habere
1722 1137 1941 1202 videtur,

61 1211 282 1267 notabo.

174 1291 228 1340 5.
264 1288 588 1341 Accentus
621 1288 693 1340 ad
724 1287 1249 1352 distinguendam
1274 1286 1369 1339 vel
1395 1288 1773 1353 iungendam
1803 1304 1947 1341 ora-

60 1369 334 1427 tionem,
374 1370 435 1415 et
468 1364 660 1415 simul
695 1363 771 1414 ad
805 1362 1114 1429 syllabam
1151 1363 1561 1417 attollendam
1598 1364 1693 1416 vel
1729 1364 1948 1431 depri-

62 1440 360 1495 mendam
388 1442 679 1491 inservit.
750 1439 969 1491 Versum
999 1440 1103 1491 sive
1133 1438 1401 1507 periodum
1423 1441 1653 1493 clausam
1671 1455 1785 1493 esse
1804 1441 1945 1494 nullo

62 1521 290 1570 accentu
317 1514 660 1581 significatum
698 1514 866 1566 solent
902 1521 1071 1566 tamen
1099 1514 1197 1567 hoc
1226 1514 1432 1568 dnobus
1458 1518 1661 1584 punctis
1698 1516 1944 1580 indicare,

63 1610 156 1657 ntz
198 1602 422 1691 γᾞιξῃ,
461 1600 598 1667 quod
619 1599 830 1665 quidem
850 1600 1058 1667 signum
1094 1578 1275 1685 1)ηὸἾο
1320 1602 1509 1653 Silulrh
1544 1602 1854 1670 appellatur,
1892 1608 1945 1653 et

65 1666 400 1757 plerumq⁸ue‚
431 1700 538 1738 non
556 1699 778 1752 semper,
810 1685 985 1737 utiam
1006 1687 1325 1750 monuimus,
1357 1688 1635 1739 orationem
1654 1685 1944 1740 absolutam

66 1778 191 1816 esse
216 1761 460 1814 ostendit.
533 1764 586 1814 ὃ.
622 1764 694 1813 At
719 1763 876 1816 unius
903 1776 1082 1815 versus
1109 1777 1204 1814 seu
1232 1762 1427 1830 periodi
1456 1771 1626 1830 partes
1644 1763 1945 1818 accentibus

67 1841 482 1904 distinguuntur.
555 1837 726 1904 atque
763 1839 844 1889 hic
880 1853 974 1904 per
1007 1847 1179 1905 partes
1216 1854 1393 1892 versus
1430 1854 1533 1891 non
1571 1847 1767 1892 tantum
1794 1841 1947 1894 verba

67 1915 332 1979 intelligo,
372 1914 462 1966 sed
493 1913 642 1964 etiam
663 1915 935 1965 nominum
953 1928 1127 1967 casus.
1197 1917 1393 1983 Nempe
1411 1924 1678 1978 accentu8‚
1718 1917 1949 1984 qnipas-

68 1993 175 2044 sim
193 1991 553 2058 proprietatem
574 1989 727 2040 habet
743 1993 1012 2042 commatis
1026 2029 1040 2053 ‚
1070 1999 1349 2057 usurpatur
1367 1995 1519 2044 etiam
1538 1992 1603 2043 ad
1623 1992 1951 2058 distinguen-

69 2067 204 2119 dum
233 2067 606 2118 nominativum
638 2073 689 2117 et
715 2067 928 2118 verbum
958 2081 988 2118 a
1017 2081 1112 2118 suo
1139 2069 1430 2120 accusativo
1458 2074 1509 2118 et
1528 2082 1557 2119 a
1579 2068 1791 2134 reliquis
1811 2068 1949 2120 casi-

68 2144 204 2204 bus;
243 2139 476 2208 intellige
496 2141 702 2208 quando
723 2143 1041 2194 accusativus
1061 2144 1429 2195 nominativum
1450 2145 1707 2210 sequitur;
1745 2145 1880 2211 quod
1902 2146 1949 2196 si

68 2218 230 2271 verbo
267 2225 318 2270 et
353 2217 666 2270 nominativo
701 2220 1078 2284 interponatur,
1119 2225 1232 2268 tum
1267 2217 1504 2278 verbum,
1546 2221 1863 2284 accusativus
1899 2229 1951 2274 et

72 2295 428 2348 nominativus
457 2308 616 2345 unam
642 2307 821 2346 versus
849 2301 1046 2346 tantum
1075 2301 1271 2361 partem
1301 2297 1650 2358 constituunt,
1690 2305 1748 2346 ut
1776 2304 1826 2349 et
1844 2299 1948 2348 duo

70 2369 232 2423 verba
247 2409 261 2432 ,
301 2383 434 2436 quae
453 2370 810 2437 conIunetione
827 2376 879 2421 et
897 2371 1225 2438 copulantur,
1265 2378 1318 2423 et
1332 2371 1535 2422 nullum
1555 2371 1742 2423 habent
1760 2387 1947 2424 nomen

73 2446 180 2499 alio
209 2453 414 2511 praeter
432 2447 800 2498 nominativum
821 2461 944 2498 casu
964 2449 1342 2513 interpositum.
1415 2447 1469 2499 7.
1502 2447 1555 2498 Si
1574 2448 1747 2513 itaque
1770 2462 1948 2500 versus

72 2537 182 2574 non
214 2523 316 2574 nisi
335 2537 494 2575 unam
513 2522 699 2576 habeat
717 2530 912 2589 partem
935 2523 1349 2590 distinguendam
1365 2561 1378 2584 ,
1418 2522 1595 2575 eadem
1616 2524 1950 2589 distinguitur

73 2613 315 2671 accentu,
347 2608 440 2673 qui
459 2614 668 2660 vocatur
700 2611 897 2698 ξεῖ-τηις
929 2611 1152 2674 targha,
1186 2609 1379 2674 quique
1406 2605 1539 2659 infra
1570 2608 1842 2660 dictionem
1874 2609 1951 2660 sic

73 2697 288 2743 notatur
321 2695 387 2752 2.
445 2692 596 2754 Quod
616 2693 660 2744 si
682 2693 814 2745 duas
829 2689 1000 2760 ‘partes
1021 2693 1410 2759 distinguendas
1427 2691 1631 2756 haheat,
1656 2701 1765 2745 tum
1786 2693 1952 2761 prima

75 2783 288 2830 notatur
307 2791 398 2844 per
431 2779 628 2868 &0519
661 2779 884 2844 targha,
923 2777 1153 2830 secunda
1188 2791 1305 2830 vero
1342 2785 1581 2839 accentu,
1619 2780 1709 2844 qui
1744 2785 1953 2831 vocatur

77 2865 262 2938 nat-'113
309 2863 574 2928 athnaglt,
631 2863 824 2930 quique
874 2863 1009 2915 infra
1065 2863 1341 2918 dictionem
1383 2864 1461 2915 sic
1513 2869 1717 2916 notatur
1769 2867 1847 2928 η,
1894 2872 1953 2916 ut

80 2929 310 3052 ῃῖηᾞῆ
344 2964 534 3014 elohim
543 2983 565 3028 ‚·
585 2971 738 3030 atque
758 2963 840 3016 hic
855 2971 1098 3018 accentus
1115 2966 1367 3028 omnium,
1390 2966 1481 3032 qui
1498 2966 1562 3019 ad
1580 2971 1751 3034 partes
1768 2931 1949 3021 v'ersus

79 3048 508 3116 distinguendum
537 3049 845 3112 inserviunt,
881 3049 1195 3118 praecipuus
1222 3058 1330 3116 est,
1370 3056 1429 3104 ut
1453 3066 1513 3106 ex
1541 3051 1699 3106 modo
1714 3051 1949 3106 dicendis
