2350 3475
827 133 966 181 cai».
1019 132 1180 182 xm.
1824 129 1945 192 221

62 325 205 379 pune
244 309 618 363 violentissime
651 311 706 362 in
745 309 986 362 subditos
1023 325 1235 378 regnare
1272 311 1539 375 liceret*):
1577 309 1721 378 quod
1751 313 1949 364 nemini

60 390 112 439 in
137 395 365 440 mentem
384 388 556 440 venire
573 401 730 454 posse
749 387 922 440 credo.
973 389 1146 452 Quare
1167 388 1572 451 eoncedendum,
1594 403 1953 456 unumquem-

63 479 166 532 que
187 465 352 518 multa
371 465 474 518 sibi
493 465 575 517 sui
595 465 724 518 iuris
737 479 1012 528 reservare,
1039 481 1172 532 quae
1188 474 1455 534 propterea
1470 481 1499 518 a
1514 465 1709 518 nullius
1726 466 1948 528 decreto,

61 543 156 594 sed
179 557 209 594 a
230 557 330 595 suo
347 541 460 594 solo
479 542 727 609 pendent.
795 545 846 593 5.
877 543 1119 595 Attamen
1141 549 1203 594 ut
1220 550 1355 596 reete
1372 543 1713 610 intelligatur,
1751 557 1953 609 quous-

28 659 29 672 ³
63 634 166 684 que
185 621 396 686 imperii
413 621 495 672 ius
515 628 566 670 et
585 625 812 685 potestas
829 633 886 671 se
905 620 1155 684 extendat,
1192 620 1479 672 notandum
1498 621 1700 687 imperii
1721 627 1952 688 potesta-

61 705 166 750 tem
204 711 312 748 non
350 700 402 749 in
439 711 500 748 eo
537 696 768 763 praecise
805 697 1080 760 contineri,
1137 699 1277 762 quod
1316 697 1553 750 homines
1588 705 1731 750 metu
1775 709 1953 763 eogere

61 781 264 840 potest,
305 775 398 826 sed
426 773 662 826 absolute
689 774 744 826 in
773 773 1050 836 omnibus,
1089 774 1284 841 quibus
1314 775 1511 826 efficere
1528 782 1730 842 potest,
1770 782 1829 828 ut
1854 773 1955 824 ho-

63 852 236 902 mines
254 851 370 902 eius
390 851 644 902 mandatis
665 849 1036 917 obsequantur.
1101 853 1217 904 Non
1237 853 1373 903 enim
1396 854 1523 904 ratio
1542 851 1953 918 obtemperandi,

61 927 154 979 sed
188 926 598 994 obtemperantia
626 928 892 980 subditum
929 929 1069 981 facit.
1145 929 1196 981 6.
1232 931 1363 982 Nam
1393 943 1723 995 quacumque
1761 929 1955 980 ratione

62 1003 525 1068 homo·deliberet,
564 1020 800 1057 summae
837 1006 1106 1070 potestatis
1143 1006 1383 1058 mandata
1422 1007 1658 1072 exsequi,
1698 1007 1805 1057 sive
1838 1005 1955 1055 ideo

61 1083 130 1132 sit
161 1081 307 1148 quod
339 1097 556 1148 poenam
585 1084 758 1145 timet,
799 1084 904 1134 sive
923 1082 1062 1149 quod
1084 1082 1283 1149 aliquid
1303 1083 1423 1134 inde
1443 1090 1616 1150 sperat
1626 1116 1644 1143 ,-
1680 1083 1787 1133 sive
1814 1081 1955 1146 quod

61 1161 288 1224 patriam
315 1167 480 1220 amat,
519 1161 626 1211 sive
664 1159 762 1210 alio
794 1173 1126 1226 quocumque
1155 1159 1343 1212 affectu
1369 1159 1656 1227 impulsus,
1694 1165 1865 1212 tamen
1896 1172 1956 1208 ex

64 1236 275 1302 proprio
295 1250 393 1286 suo
413 1236 632 1288 consilio
651 1234 920 1298 deliberat,
944 1244 994 1288 et
1013 1237 1172 1288 nihilo
1195 1238 1367 1288 minus
1388 1250 1447 1287 ex
1468 1248 1705 1287 summae
1724 1241 1957 1301 potesta·-

61 1314 128 1363 tis
149 1313 372 1379 imperio
391 1313 512 1378 agit.
586 1311 638 1364 7.
677 1314 790 1364 Non
815 1315 972 1379 igitur
989 1328 1048 1364 ex
1065 1328 1126 1364 eo
1147 1313 1287 1380 quod
1320 1315 1473 1365 homo
1501 1313 1713 1378 proprio
1740 1311 1955 1362 consilio

63 1389 266 1456 aliquid
287 1390 434 1451 facit,
475 1389 612 1440 illico
633 1390 1074 1452 concludendum,
1117 1405 1235 1441 eum
1258 1391 1309 1442 id
1329 1404 1388 1440 ex
1406 1405 1532 1452 suo,
1565 1394 1616 1440 et
1634 1402 1735 1440 non
1756 1387 1957 1452 imperii

68 1468 184 1520 iure
203 1481 372 1533 agere.
442 1467 572 1520 Nam
603 1465 1026 1533 quandoquidem
1043 1505 1056 1528 ,
1097 1474 1199 1518 tam
1222 1481 1385 1532 quum
1406 1481 1465 1519 ex
1482 1480 1654 1518 amore
1672 1463 1951 1530 obligatum,

67 1559 226 1610 quam
248 1557 413 1608 quum
434 1551 575 1594 metu
595 1552 802 1596 coaetus
822 1544 887 1596 ad
909 1544 1102 1595 malum
1123 1544 1415 1597 evitandum
1438 1557 1647 1610 semper
1664 1556 1724 1593 ex
1749 1539 1957 1610 proprio

71 1620 290 1674 consilio
317 1628 371 1672 et
397 1619 599 1672 decreto
630 1622 760 1688 agit,
802 1616 877 1673 vel
904 1622 1179 1688 imperium
1209 1621 1413 1674 nullum
1451 1627 1619 1684 esset,
1656 1633 1755 1672 nee
1790 1617 1956 1669 ullum

68 1702 148 1751 ius
177 1699 230 1749 iu
261 1695 530 1761 subditos,
568 1698 646 1751 vel
675 1699 728 1752 id
757 1699 1048 1751 necessario
1077 1692 1347 1752 adomnia
1378 1713 1435 1752 se
1470 1698 1723 1761 extendit,
1762 1693 1957 1763 quibua

70 1776 196 1827 effici
229 1782 434 1841 potest,
472 1783 531 1827 ut
558 1774 794 1828 homines
822 1777 924 1843 ipsi
955 1776 1134 1828 cedere
1163 1776 1472 1839 deliberent3
1514 1784 1565 1829 et
1583 1779 1960 1840 consequenter

71 1853 322 1919 quiequid
363 1852 604 1905 subditus
644 1854 790 1917 facit,
833 1855 971 1920 quod
1002 1854 1259 1907 mandatis
1296 1868 1533 1907 summae
1561 1852 1831 1921 potestatis
1869 1864 1957 1901 re-

70 1930 323 1996 spondet,
365 1931 470 1982 sive
487 1931 538 1982 id
559 1944 732 1983 amore
752 1930 1030 1995 obligatus,
1059 1932 1166 1982 sive
1189 1938 1329 1983 metu
1350 1932 1635 1993 coercitus,
1666 1934 1775 1982 sive
1795 1924 1959 1995 (quod

69 2006 286 2071 quidem
308 2008 474 2073 magis
493 2008 764 2074 frequens)
785 2022 844 2059 ex
859 2022 953 2073 spe
972 2016 1024 2059 et
1045 2014 1187 2059 metu
1210 2010 1365 2059 simul
1384 2047 1399 2071 ,
1436 2010 1544 2061 sive
1572 2022 1631 2060 ex
1654 2005 1955 2065 reverentia,

72 2098 202 2149 quae
222 2084 401 2150 passio
422 2092 580 2135 estex
609 2092 750 2137 metu
779 2093 828 2137 et
852 2085 1193 2135 admiratione
1220 2086 1535 2151 composita,
1574 2085 1681 2136 sive
1711 2094 1960 2148 quacum-

73 2174 172 2225 que
193 2161 391 2211 ratione
414 2160 620 2222 duetus,
654 2176 713 2214 ex
732 2164 841 2214 iure
861 2162 1083 2229 imperii,
1117 2176 1221 2212 non
1243 2169 1415 2214 autem
1434 2176 1531 2212 suo
1550 2161 1672 2226 agit.
1719 2158 1772 2209 8.
1806 2156 1959 2220 Quod

73 2238 224 2288 etiam
263 2237 388 2287 hino
423 2252 581 2303 quam
617 2238 905 2291 clarissime
943 2245 1170 2302 constat,
1212 2238 1353 2305 quod
1382 2237 1673 2290 obedientia
1710 2248 1815 2286 non
1854 2239 1960 2285 tam

75 2323 332 2365 externam
348 2352 363 2375 ,
404 2328 558 2381 quam
581 2316 738 2367 animi
758 2317 1014 2384 internam
1035 2316 1287 2367 actionem
1308 2316 1573 2382 respiciat;
1614 2312 1847 2377 adeoque
1874 2309 1961 2361 iile

75 2392 294 2441 maxime
313 2389 416 2442 sub
435 2391 646 2444 alterius
664 2393 880 2460 imperio
900 2400 996 2456 est,
1027 2393 1118 2458 qui
1138 2393 1279 2444 alteri
1300 2394 1497 2458 integro
1514 2391 1685 2442 animo
1704 2388 1769 2440 ad
1790 2387 1961 2438 omnia

74 2469 185 2519 eius
217 2467 461 2519 mandata
489 2466 840 2535 obtemperare
869 2469 1142 2532 deliberat,
1182 2476 1233 2521 et
1258 2474 1632 2535 consequenter
1658 2480 1777 2517 eum
1800 2464 1962 2515 maxi-

75 2559 221 2595 mum
253 2551 428 2597 tenere
452 2546 756 2613 imperium,
800 2548 886 2614 qui
915 2548 969 2599 in
999 2546 1327 2599 subditorum
1358 2547 1557 2598 animos
1576 2551 1779 2611 regnan
1818 2538 1962 2607 quod

75 2624 116 2673 si
138 2622 232 2688 qui
255 2623 473 2675 maxime
495 2624 766 2687 timentur,
803 2625 1084 2676 maximum
1105 2631 1333 2675 tenerent
1352 2623 1658 2691 imperium,
1700 2626 1811 2671 tum
1838 2632 1963 2686 pro-

77 2699 211 2751 iecto
233 2698 286 2749 id
308 2705 639 2766 tyrannorum
659 2700 856 2753 subditi
876 2708 1132 2763 tenerent,
1173 2700 1263 2765 qui
1282 2716 1313 2751 a
1341 2701 1451 2751 suis
1478 2699 1711 2765 tyrannis
1742 2695 1961 2749 maxime

79 2776 348 2829 timentur.
421 2776 472 2831 9.
517 2778 716 2833 Deinde
754 2781 990 2845 quamvis
1025 2793 1128 2829 non
1175 2777 1389 2844 perinde
1434 2776 1623 2828 animis
1666 2788 1725 2826 ae
1768 2774 1962 2840 linguis

81 2854 323 2921 imperari
358 2854 553 2920 possit,
603 2862 728 2913 sunt
763 2864 936 2909 tamen
973 2856 1131 2908 animi
1167 2854 1339 2922 aliqua
1374 2853 1571 2906 ratione
1608 2850 1709 2904 suh
1742 2853 1979 2918 imperio'

181 3040 224 3090 ‘)
253 3040 552 3096 „Suscepere
571 3040 664 3086 duo
683 3042 998 3098 manipulares
1017 3040 1269 3097 imperium
1287 3040 1448 3098 populi
1458 3040 1655 3085 Romani
1674 3038 1960 3085 transferen-

83 3098 212 3158 dum,
235 3106 282 3143 et
299 3098 690 3147 transtulerunt.“
713 3102 858 3147 Tacit·
873 3102 910 3149 1.
923 3100 1086 3147 histor.
1097 3101 1219 3147 libro
1232 3114 1275 3149 e.
1285 3106 1354 3147 2⁵.
1376 3100 1462 3157 sp.
1484 3097 1960 3155 (Gali.haeeornisit.)
