2350 3475
867 149 1007 196 car.
1060 149 1201 194 xlx.
1856 145 1981 205 255

97 345 204 383 non
224 329 510 396 accipiunt,
551 326 644 380 sed
663 327 952 379 necessario
970 323 1036 378 ab
1053 327 1150 392 iis,
1191 325 1270 378 vel
1288 323 1636 379 mediantibus
1652 327 1721 378 iis
1734 365 1748 389 ,
1789 328 1881 393 qui
1902 329 1987 380 ius

97 405 391 474 imperandi
425 412 476 458 et
511 403 804 457 decretandi
839 403 1058 464 habent:
1097 402 1335 469 adeoque
1368 417 1472 455 non
1500 404 1603 455 nisi
1632 403 1981 456 mediantibus

95 485 293 537 iisdem
329 482 597 548 concipere
625 495 934 548 possumus,
975 483 1145 532 Deum
1173 481 1229 532 in
1260 480 1495 534 homines
1521 495 1756 548 regnare,
1796 495 1986 548 resque

95 563 359 614 humanas
383 557 671 612 secundum
699 559 952 611 iustitiam
983 564 1036 609 et
1063 559 1373 625 nequitatem
1411 557 1662 624 dirigere,
1700 557 1839 624 quod
1866 559 1981 625 ipsa

96 640 256 690 etiam
285 635 594 704 experientia
625 634 1006 703 comprobatur.
1077 635 1165 690 20.
1203 637 1333 687 Nam
1364 634 1505 686 nulia
1532 635 1735 688 divinae
1762 635 1987 687 iustitiae

97 716 318 780 vestigia
347 713 694 779 reperiuntur,
733 713 834 764 nisi
863 712 956 764 ubi
985 714 1110 765 iusti
1137 718 1377 778 regnant3
1418 713 1546 765 alias
1580 711 1665 778 (ut
1692 711 1984 762 Salomonis

93 791 260 844 verba
285 792 474 842 iterum
502 790 754 857 repetam)
781 789 1002 842 eundem
1033 803 1213 841 casum
1240 790 1381 840 iusto
1410 803 1470 841 ac
1498 791 1719 849 iniusto,
1759 801 1891 854 puro
1928 801 1990 840 ac

95 871 311 935 impuro
330 868 624 932 contingere
643 866 880 920 videmus
899 866 979 933 ¹)3
1015 865 1158 932 quod
1178 866 1391 932 quidem
1412 866 1685 933 plurimos,
1701 866 1797 931 ,qui
1815 865 1988 918 Deum

97 947 154 996 in
186 945 425 996 homines
455 943 751 997 immediate
777 956 986 1010 regnare
1015 950 1066 993 et
1093 950 1253 994 totam
1283 951 1521 994 naturam
1550 943 1605 993 in
1632 957 1811 994 eorum
1832 956 1987 995 usum

24 1007 32 1030 ⁵
97 1022 326 1086 dirigere
343 1020 614 1086 putabant,
639 1021 704 1072 dc
721 1020 896 1072 divine
917 1019 1236 1086 providentia
1254 1019 1491 1071 dubitare
1511 1018 1651 1071 fecit.
1699 1019 1787 1075 21.
1810 1021 1988 1084 Quum

95 1101 280 1164 itaque
305 1106 410 1148 tam
439 1098 744 1165 experientia
760 1136 773 1156 ,
817 1110 974 1163 quam
993 1097 1191 1148 ratione
1210 1102 1435 1156 constet,
1474 1097 1558 1148 ius
1576 1096 1807 1148 divinum
1829 1110 1858 1147 e
1878 1097 1989 1148 solo

95 1177 310 1228 decreto
327 1188 653 1226 summarum
673 1180 985 1242 potestatum
1005 1173 1257 1240 pendere,
1295 1176 1559 1239 sequitur,
1601 1173 1811 1224 easdem
1832 1174 1986 1224 etiam

95 1251 340 1306 eiusdem
386 1264 500 1303 esse
545 1252 878 1319 interpretem
920 1266 1022 1316 qna
1061 1259 1233 1302 antem
1271 1251 1497 1312 ratione,
1536 1251 1639 1301 iam
1676 1249 1987 1302 videbimus.

94 1331 234 1382 Nam
262 1335 471 1394 tempus
489 1335 595 1391 est,
636 1335 694 1380 ut
719 1328 1086 1390 ostendamuS,
1125 1328 1371 1379 cultum
1400 1327 1745 1393 religionis
1774 1335 1990 1378 exter-

97 1420 251 1458 num
291 1412 352 1456 et
385 1419 564 1456 omne
602 1405 868 1472 pietatis
907 1405 1281 1458 exercitium
1320 1403 1721 1472 reipublicae
1758 1405 1895 1470 paci
1932 1411 1991 1454 et

97 1483 586 1535 conservationi
625 1481 862 1534 debere
897 1480 1391 1544 accommodari,
1430 1481 1483 1532 si
1520 1487 1693 1532 recte
1715 1483 1841 1532 Deo
1870 1479 1990 1532 ob-

101 1570 458 1627 temperare
485 1560 778 1612 velimus·
851 1561 966 1612 Hoc
983 1567 1155 1611 autem
1178 1559 1530 1611 demonstrato
1549 1558 1699 1610 facilc
1727 1557 1990 1624 intellige-

98 1652 252 1699 mus,
303 1650 405 1702 qua
453 1638 650 1690 ratione
695 1651 930 1690 summae
973 1643 1257 1705 potestates
1292 1637 1598 1703 interpretes
1636 1634 1901 1701 religionis
1938 1640 1988 1686 et

99 1715 312 1785 pietatis
332 1715 459 1767 sint.

206 1794 310 1847 22.
335 1793 543 1844 Certum
570 1798 678 1855 est,
717 1791 856 1859 quod
885 1792 1046 1861 pictos
1075 1806 1196 1857 erge
1224 1793 1445 1859 petriam
1472 1805 1677 1844 summa
1698 1791 1791 1852 sit,
1832 1802 1989 1855 quam

99 1870 297 1935 aliquis
325 1876 582 1934 praestare
610 1876 796 1937 potest.
867 1870 998 1922 Nam
1037 1868 1243 1921 sublato
1271 1869 1488 1935 imperio
1516 1870 1642 1921 nihil
1671 1868 1792 1920 boni
1822 1873 1994 1935 potest

101 1946 410 2007 consistere,
434 1946 526 1998 sed
547 1947 718 1998 omnia
739 1948 790 1998 in
812 1946 1091 1998 discrimen
1113 1948 1325 1998 veniunt
1339 1985 1352 2009 ,
1392 1952 1445 1997 et
1460 1946 1569 1997 sola
1586 1947 1660 1998 ira
1681 1952 1733 1997 et
1750 1946 1993 2011 impietas

97 2024 331 2075 maximo·
375 2024 608 2074 omnium
650 2030 790 2075 metu
829 2032 1027 2089 regnat.
1099 2024 1249 2075 Unde
1284 2024 1548 2090 sequitur,
1596 2023 1725 2074 nihii
1760 2022 1993 2088 proximo

99 2103 258 2169 pium
285 2101 532 2166 praestari
555 2114 738 2167 posse,
777 2099 917 2165 quod
938 2114 1042 2151 non
1064 2102 1285 2167 impium
1306 2102 1398 2162 sit,
1440 2102 1485 2151 si
1505 2099 1629 2151 inde
1646 2099 1893 2150 damnum
1917 2106 1994 2148 to-

99 2179 214 2229 tius
233 2176 546 2243 reipublicae
568 2185 837 2243 sequetur,
881 2184 932 2228 et
950 2185 1123 2228 contra
1145 2177 1272 2227 nihil
1292 2178 1344 2227 in
1366 2177 1589 2229 eundern
1606 2176 1826 2242 impium
1846 2188 1993 2227 com-

101 2256 274 2315 mitti,
316 2254 454 2319 quod
489 2253 664 2319 pietati
693 2268 794 2305 non
825 2254 1106 2315 tribuetur,
1145 2254 1191 2305 si
1223 2260 1431 2321 propter
1450 2252 1760 2321 reipublicae
1779 2265 1993 2303 conser-

107 2333 370 2386 vationem
391 2331 495 2382 fiat.
567 2332 655 2387 23.
693 2332 785 2382 Ex.
805 2346 883 2397 gr.
905 2333 1051 2398 pium
1071 2338 1174 2392 est,
1214 2331 1290 2392 ei,
1331 2332 1421 2397 qui
1442 2345 1645 2383 mecum
1664 2328 1925 2381 contendit
1944 2335 1995 2379 et

101 2424 282 2463 meam
311 2410 536 2459 tunicam
566 2409 672 2460 vult
697 2422 904 2476 capere,
945 2407 1162 2475 pallium
1192 2410 1345 2459 etiam
1366 2408 1489 2459 dare
1503 2408 1579 2475 ²).
1652 2406 1721 2458 At
1741 2405 1833 2457 ubi
1852 2404 1993 2455 iudi-

103 2495 280 2548 catur,
301 2484 398 2536 hoc
415 2485 728 2553 reipublicae
747 2486 1116 2537 conservationi
1138 2486 1483 2551 perniciosum
1504 2499 1639 2546 esse,
1656 2484 1797 2550 pium
1818 2488 1993 2533 contra

103 2572 224 2625 est,
264 2564 490 2615 eundem
517 2565 568 2614 iu
595 2562 848 2614 iudicium
878 2577 1086 2625 vocare,
1127 2563 1330 2613 ta'metsi
1360 2563 1537 2613 mortis
1555 2560 1883 2612 damnandus
1902 2560 1989 2610 sit.

101 2644 226 2695 Hac
255 2639 320 2690 de
347 2652 504 2693 causa
531 2640 760 2694 Manlius
788 2642 1082 2707 Torquatus
1111 2639 1424 2701 celebratur,
1466 2638 1605 2705 quod
1644 2638 1785 2689 salus
1810 2638 1993 2704 popuii

104 2722 236 2789 pius
256 2718 394 2785 apud
413 2720 586 2784 ipsum
609 2718 838 2779 valuerit,
862 2732 1016 2783 quam
1037 2732 1156 2784 erga
1178 2716 1341 2768 filium
1360 2717 1525 2783 pietas
1539 2716 1617 2785 ⁸).
1688 2717 1775 2770 24.
1814 2715 1993 2777 Quum

105 2801 213 2853 hoc
231 2798 302 2848 ita
323 2796 410 2857 sit,
433 2796 685 2861 sequitur,
709 2795 932 2847 satutem
953 2796 1130 2865 popuii
1151 2809 1413 2847 summam
1432 2808 1549 2847 esse
1566 2794 1751 2861 legem,
1772 2794 1856 2846 cui
1877 2808 1993 2849 om-

137 2979 146 2985 ·
218 3003 266 3053 1)
292 2998 402 3044 vid.
422 2997 598 3045 Salom.
619 2997 779 3044 Cohel.
799 3009 841 3044 c.
859 3000 902 3044 9.
920 3012 964 3046 v.
982 3001 1025 3044 2.

217 3063 269 3113 2)
295 3060 396 3104 vid.
419 3059 581 3106 Matth.
600 3062 642 3111 5,
659 3060 726 3103 4⁰.
745 3059 858 3104 Luc.
877 3061 920 3119 ⁶,
938 3061 1006 3104 2⁹.

221 3122 270 3174 3)
297 3120 396 3165 vid.
416 3120 531 3165 Livii
553 3121 715 3167 histor.
733 3122 776 3178 8,
796 3121 838 3165 7.
