<?xml version="1.0" encoding="UTF-8"?>
<!DOCTYPE html PUBLIC "-//W3C//DTD XHTML 1.0 Transitional//EN"
    "http://www.w3.org/TR/xhtml1/DTD/xhtml1-transitional.dtd">
<html xmlns="http://www.w3.org/1999/xhtml" xml:lang="en" lang="en">
 <head>
  <title>
</title>
<meta http-equiv="Content-Type" content="text/html;charset=utf-8" />
  <meta name='ocr-system' content='tesseract 3.04.00' />
  <meta name='ocr-capabilities' content='ocr_page ocr_carea ocr_par ocr_line ocrx_word'/>
</head>
<body>
  <div class='ocr_page' id='page_1' title='image "benedictidespin03brudgoog_0240.png"; bbox 0 0 2350 3475; ppageno 0'>
   <div class='ocr_carea' id='block_1_1' title="bbox 346 111 1832 209">
    <p class='ocr_par' dir='ltr' id='par_1_1' title="bbox 346 111 1832 209">
     <span class='ocr_line' id='line_1_1' title="bbox 346 111 1832 209; baseline -0.01 0"><span class='ocrx_word' id='word_1_1' title='bbox 346 145 474 209; x_wconf 77' lang='lat'>216</span> <span class='ocrx_word' id='word_1_2' title='bbox 652 175 658 190; x_wconf 54' lang='grc' dir='ltr'>ι</span> <span class='ocrx_word' id='word_1_3' title='bbox 747 147 1138 196; x_wconf 66' lang='lat' dir='ltr'>Tuam-uus</span> <span class='ocrx_word' id='word_1_4' title='bbox 1175 111 1832 195; x_wconf 51' lang='lat' dir='ltr'>&#39;theotonice-rozir.</span> 
     </span>
    </p>
   </div>
   <div class='ocr_carea' id='block_1_2' title="bbox 346 325 2321 2548">
    <p class='ocr_par' dir='ltr' id='par_1_2' title="bbox 346 325 2321 1610">
     <span class='ocr_line' id='line_1_2' title="bbox 349 325 2241 391; baseline -0.001 -10"><span class='ocrx_word' id='word_1_5' title='bbox 349 333 590 390; x_wconf 78' lang='lat' dir='ltr'>conetur,</span> <span class='ocrx_word' id='word_1_6' title='bbox 631 325 824 378; x_wconf 82' lang='lat' dir='ltr'>nullam</span> <span class='ocrx_word' id='word_1_7' title='bbox 844 325 1038 378; x_wconf 85' lang='lat' dir='ltr'>scilicet</span> <span class='ocrx_word' id='word_1_8' title='bbox 1057 326 1383 391; x_wconf 79' lang='lat' dir='ltr'>agnoscendo</span> <span class='ocrx_word' id='word_1_9' title='bbox 1404 325 1741 378; x_wconf 77' lang='lat' dir='ltr'>differentiam</span> <span class='ocrx_word' id='word_1_10' title='bbox 1758 366 1772 390; x_wconf 92' lang='lat'>‚</span> <span class='ocrx_word' id='word_1_11' title='bbox 1810 329 1917 380; x_wconf 85' lang='lat' dir='ltr'>sive</span> <span class='ocrx_word' id='word_1_12' title='bbox 1941 325 2062 380; x_wconf 85' lang='lat' dir='ltr'>inde</span> <span class='ocrx_word' id='word_1_13' title='bbox 2080 328 2241 380; x_wconf 80' lang='lat' dir='ltr'>dam-</span> 
     </span>
     <span class='ocr_line' id='line_1_3' title="bbox 347 402 2239 472; baseline 0.001 -15"><span class='ocrx_word' id='word_1_14' title='bbox 347 419 477 457; x_wconf 86' lang='lat' dir='ltr'>num</span> <span class='ocrx_word' id='word_1_15' title='bbox 505 406 612 458; x_wconf 81' lang='lat' dir='ltr'>sire</span> <span class='ocrx_word' id='word_1_16' title='bbox 635 407 1008 456; x_wconf 84' lang='lat' dir='ltr'>incrementum</span> <span class='ocrx_word' id='word_1_17' title='bbox 1037 404 1195 455; x_wconf 86' lang='lat' dir='ltr'>totius</span> <span class='ocrx_word' id='word_1_18' title='bbox 1215 402 1525 470; x_wconf 82' lang='lat' dir='ltr'>reipublicae</span> <span class='ocrx_word' id='word_1_19' title='bbox 1546 418 1701 470; x_wconf 76' lang='lat' dir='ltr'>quem</span> <span class='ocrx_word' id='word_1_20' title='bbox 1722 405 2009 458; x_wconf 72' lang='lat' dir='ltr'><strong>clarissime</strong></span> <span class='ocrx_word' id='word_1_21' title='bbox 2030 421 2239 472; x_wconf 86' lang='lat' dir='ltr'>seque-</span> 
     </span>
     <span class='ocr_line' id='line_1_4' title="bbox 348 481 2312 546; baseline 0 -12"><span class='ocrx_word' id='word_1_22' title='bbox 348 489 509 534; x_wconf 82' lang='lat' dir='ltr'><strong>retur.</strong></span> <span class='ocrx_word' id='word_1_23' title='bbox 582 481 668 534; x_wconf 79' lang='lat'>50.</span> <span class='ocrx_word' id='word_1_24' title='bbox 706 482 1045 545; x_wconf 74' lang='lat' dir='ltr'>Quacumque</span> <span class='ocrx_word' id='word_1_25' title='bbox 1073 481 1215 532; x_wconf 87' lang='lat' dir='ltr'>enim</span> <span class='ocrx_word' id='word_1_26' title='bbox 1240 482 1435 534; x_wconf 83' lang='lat' dir='ltr'>ratione</span> <span class='ocrx_word' id='word_1_27' title='bbox 1454 481 1506 533; x_wconf 90' lang='lat' dir='ltr'>id</span> <span class='ocrx_word' id='word_1_28' title='bbox 1528 489 1747 533; x_wconf 73' lang='lat' dir='ltr'>conatus</span> <span class='ocrx_word' id='word_1_29' title='bbox 1766 490 1873 546; x_wconf 85' lang='lat' dir='ltr'>est,</span> <span class='ocrx_word' id='word_1_30' title='bbox 1912 483 2239 534; x_wconf 74' lang='lat' dir='ltr'>maiestatem</span> <span class='ocrx_word' id='word_1_31' title='bbox 2310 499 2312 502; x_wconf 50' lang='lat'><em>⁴</em></span> 
     </span>
     <span class='ocr_line' id='line_1_5' title="bbox 346 557 2314 625; baseline -0.002 -15"><span class='ocrx_word' id='word_1_32' title='bbox 346 558 500 612; x_wconf 67' lang='lat' dir='ltr'>loesi!</span> <span class='ocrx_word' id='word_1_33' title='bbox 519 563 569 610; x_wconf 89' lang='lat' dir='ltr'>et</span> <span class='ocrx_word' id='word_1_34' title='bbox 587 559 699 609; x_wconf 85' lang='lat' dir='ltr'>iure</span> <span class='ocrx_word' id='word_1_35' title='bbox 717 557 1018 618; x_wconf 59' lang='lat' dir='ltr'>demnatum</span> <span class='ocrx_word' id='word_1_36' title='bbox 1059 559 1199 623; x_wconf 92' lang='lat' dir='ltr'>quod</span> <span class='ocrx_word' id='word_1_37' title='bbox 1218 558 1430 625; x_wconf 86' lang='lat' dir='ltr'>quidem</span> <span class='ocrx_word' id='word_1_38' title='bbox 1446 557 1500 609; x_wconf 87' lang='lat' dir='ltr'>in</span> <span class='ocrx_word' id='word_1_39' title='bbox 1519 557 1657 610; x_wconf 86' lang='lat' dir='ltr'>bello</span> <span class='ocrx_word' id='word_1_40' title='bbox 1676 573 1859 611; x_wconf 86' lang='lat' dir='ltr'>omnes</span> <span class='ocrx_word' id='word_1_41' title='bbox 1878 557 2102 612; x_wconf 79' lang='lat' dir='ltr'>fatentur</span> <span class='ocrx_word' id='word_1_42' title='bbox 2124 561 2241 610; x_wconf 89' lang='lat' dir='ltr'>iure</span> <span class='ocrx_word' id='word_1_43' title='bbox 2312 595 2314 606; x_wconf 91' lang='lat'><em>.</em></span> 
     </span>
     <span class='ocr_line' id='line_1_6' title="bbox 351 633 2242 702; baseline -0.001 -14"><span class='ocrx_word' id='word_1_44' title='bbox 351 637 546 702; x_wconf 88' lang='lat' dir='ltr'>optimo</span> <span class='ocrx_word' id='word_1_45' title='bbox 581 633 712 687; x_wconf 86' lang='lat' dir='ltr'>fleri.</span> <span class='ocrx_word' id='word_1_46' title='bbox 782 633 980 702; x_wconf 83' lang='lat' dir='ltr'>Nempe</span> <span class='ocrx_word' id='word_1_47' title='bbox 1015 635 1061 686; x_wconf 86' lang='lat' dir='ltr'>si</span> <span class='ocrx_word' id='word_1_48' title='bbox 1098 635 1218 702; x_wconf 88' lang='lat' dir='ltr'>quis</span> <span class='ocrx_word' id='word_1_49' title='bbox 1256 636 1529 687; x_wconf 81' lang='lat' dir='ltr'>stationem</span> <span class='ocrx_word' id='word_1_50' title='bbox 1566 650 1716 688; x_wconf 78' lang='lat' dir='ltr'>suam</span> <span class='ocrx_word' id='word_1_51' title='bbox 1754 649 1860 689; x_wconf 87' lang='lat' dir='ltr'>nou</span> <span class='ocrx_word' id='word_1_52' title='bbox 1894 641 2087 701; x_wconf 82' lang='lat' dir='ltr'>servat,</span> <span class='ocrx_word' id='word_1_53' title='bbox 2143 634 2242 687; x_wconf 87' lang='lat' dir='ltr'>sed</span> 
     </span>
     <span class='ocr_line' id='line_1_7' title="bbox 349 710 2238 778; baseline -0.002 -13"><span class='ocrx_word' id='word_1_54' title='bbox 349 713 514 765; x_wconf 84' lang='lat' dir='ltr'>inscio</span> <span class='ocrx_word' id='word_1_55' title='bbox 541 712 846 776; x_wconf 76' lang='lat' dir='ltr'><strong>imperatore</strong></span> <span class='ocrx_word' id='word_1_56' title='bbox 871 710 1072 764; x_wconf 80' lang='lat' dir='ltr'>hostem</span> <span class='ocrx_word' id='word_1_57' title='bbox 1103 711 1236 774; x_wconf 81' lang='lat' dir='ltr'>adit,</span> <span class='ocrx_word' id='word_1_58' title='bbox 1278 713 1515 778; x_wconf 78' lang='lat' dir='ltr'>quamvis</span> <span class='ocrx_word' id='word_1_59' title='bbox 1547 711 1683 764; x_wconf 85' lang='lat' dir='ltr'>bono</span> <span class='ocrx_word' id='word_1_60' title='bbox 1713 712 1959 776; x_wconf 81' lang='lat' dir='ltr'>consilio,</span> <span class='ocrx_word' id='word_1_61' title='bbox 1994 711 2092 764; x_wconf 89' lang='lat' dir='ltr'>sed</span> <span class='ocrx_word' id='word_1_62' title='bbox 2112 725 2238 774; x_wconf 86' lang='lat' dir='ltr'>suo,</span> 
     </span>
     <span class='ocr_line' id='line_1_8' title="bbox 350 787 2316 856; baseline -0.001 -15"><span class='ocrx_word' id='word_1_63' title='bbox 350 801 461 841; x_wconf 86' lang='lat' dir='ltr'>rem</span> <span class='ocrx_word' id='word_1_64' title='bbox 496 800 770 854; x_wconf 77' lang='lat' dir='ltr'>aggressus</span> <span class='ocrx_word' id='word_1_65' title='bbox 806 787 985 852; x_wconf 81' lang='lat' dir='ltr'>fuerit,</span> <span class='ocrx_word' id='word_1_66' title='bbox 1042 789 1351 854; x_wconf 79' lang='lat' dir='ltr'>hostemque</span> <span class='ocrx_word' id='word_1_67' title='bbox 1388 790 1783 856; x_wconf 76' lang='lat' dir='ltr'>expugnaverit,</span> <span class='ocrx_word' id='word_1_68' title='bbox 1841 790 2025 856; x_wconf 79' lang='lat' dir='ltr'>cepitis</span> <span class='ocrx_word' id='word_1_69' title='bbox 2058 795 2242 840; x_wconf 81' lang='lat' dir='ltr'>tamen</span> <span class='ocrx_word' id='word_1_70' title='bbox 2314 789 2316 792; x_wconf 50' lang='lat'><strong>⁴</strong></span> 
     </span>
     <span class='ocr_line' id='line_1_9' title="bbox 353 863 2239 933; baseline -0.001 -17"><span class='ocrx_word' id='word_1_71' title='bbox 353 863 626 920; x_wconf 82' lang='lat' dir='ltr'>damnatur</span> <span class='ocrx_word' id='word_1_72' title='bbox 658 865 798 926; x_wconf 86' lang='lat' dir='ltr'>iure,</span> <span class='ocrx_word' id='word_1_73' title='bbox 849 866 969 930; x_wconf 81' lang='lat' dir='ltr'>quia</span> <span class='ocrx_word' id='word_1_74' title='bbox 1014 866 1363 918; x_wconf 73' lang='lat' dir='ltr'>iuramentum</span> <span class='ocrx_word' id='word_1_75' title='bbox 1408 865 1599 932; x_wconf 82' lang='lat' dir='ltr'>iusque</span> <span class='ocrx_word' id='word_1_76' title='bbox 1642 866 1964 933; x_wconf 74' lang='lat' dir='ltr'>imperatoris</span> <span class='ocrx_word' id='word_1_77' title='bbox 2010 863 2239 916; x_wconf 83' lang='lat' dir='ltr'>violavit.</span> 
     </span>
     <span class='ocr_line' id='line_1_10' title="bbox 353 928 2318 1010; baseline 0 -17"><span class='ocrx_word' id='word_1_78' title='bbox 353 941 439 994; x_wconf 85' lang='lat'>51.</span> <span class='ocrx_word' id='word_1_79' title='bbox 466 939 542 994; x_wconf 71' lang='lat' dir='ltr'>At</span> <span class='ocrx_word' id='word_1_80' title='bbox 559 941 700 1008; x_wconf 89' lang='lat' dir='ltr'>quod</span> <span class='ocrx_word' id='word_1_81' title='bbox 719 955 898 994; x_wconf 88' lang='lat' dir='ltr'>omnes</span> <span class='ocrx_word' id='word_1_82' title='bbox 916 941 1151 993; x_wconf 83' lang='lat' dir='ltr'>absolute</span> <span class='ocrx_word' id='word_1_83' title='bbox 1171 943 1307 996; x_wconf 80' lang='lat' dir='ltr'>cives</span> <span class='ocrx_word' id='word_1_84' title='bbox 1326 942 1423 994; x_wconf 86' lang='lat' dir='ltr'>hoc</span> <span class='ocrx_word' id='word_1_85' title='bbox 1441 943 1554 995; x_wconf 86' lang='lat' dir='ltr'>iure</span> <span class='ocrx_word' id='word_1_86' title='bbox 1573 957 1783 1010; x_wconf 82' lang='lat' dir='ltr'>semper</span> <span class='ocrx_word' id='word_1_87' title='bbox 1801 947 2071 995; x_wconf 85' lang='lat' dir='ltr'>teneantur</span> <span class='ocrx_word' id='word_1_88' title='bbox 2084 981 2098 1005; x_wconf 91' lang='lat'>‚</span> <span class='ocrx_word' id='word_1_89' title='bbox 2132 956 2244 994; x_wconf 85' lang='lat' dir='ltr'>non</span> <span class='ocrx_word' id='word_1_90' title='bbox 2316 928 2318 962; x_wconf 74' lang='lat'>⁵</span> 
     </span>
     <span class='ocr_line' id='line_1_11' title="bbox 352 1017 2245 1087; baseline -0.001 -17"><span class='ocrx_word' id='word_1_91' title='bbox 352 1032 515 1086; x_wconf 77' lang='lat' dir='ltr'>aeque</span> <span class='ocrx_word' id='word_1_92' title='bbox 542 1017 676 1070; x_wconf 72' lang='lat' dir='ltr'>ctare</span> <span class='ocrx_word' id='word_1_93' title='bbox 703 1032 884 1070; x_wconf 86' lang='lat' dir='ltr'>omnes</span> <span class='ocrx_word' id='word_1_94' title='bbox 911 1018 1110 1080; x_wconf 79' lang='lat' dir='ltr'>vident3</span> <span class='ocrx_word' id='word_1_95' title='bbox 1152 1021 1280 1072; x_wconf 74' lang='lat' dir='ltr'>ratio</span> <span class='ocrx_word' id='word_1_96' title='bbox 1309 1026 1481 1072; x_wconf 77' lang='lat' dir='ltr'>temen</span> <span class='ocrx_word' id='word_1_97' title='bbox 1501 1019 1679 1073; x_wconf 82' lang='lat' dir='ltr'>eadem</span> <span class='ocrx_word' id='word_1_98' title='bbox 1702 1032 1917 1087; x_wconf 85' lang='lat' dir='ltr'>prorsus</span> <span class='ocrx_word' id='word_1_99' title='bbox 1934 1024 2034 1070; x_wconf 88' lang='lat' dir='ltr'>est.</span> <span class='ocrx_word' id='word_1_100' title='bbox 2105 1019 2245 1070; x_wconf 77' lang='lat' dir='ltr'>Nam</span> 
     </span>
     <span class='ocr_line' id='line_1_12' title="bbox 354 1093 2249 1163; baseline -0.001 -16"><span class='ocrx_word' id='word_1_101' title='bbox 354 1094 776 1163; x_wconf 75' lang='lat' dir='ltr'>quandoquidem</span> <span class='ocrx_word' id='word_1_102' title='bbox 812 1095 1106 1163; x_wconf 72' lang='lat' dir='ltr'>respublica</span> <span class='ocrx_word' id='word_1_103' title='bbox 1137 1097 1249 1148; x_wconf 85' lang='lat' dir='ltr'>solo</span> <span class='ocrx_word' id='word_1_104' title='bbox 1278 1110 1515 1148; x_wconf 85' lang='lat' dir='ltr'>summae</span> <span class='ocrx_word' id='word_1_105' title='bbox 1542 1098 1811 1163; x_wconf 81' lang='lat' dir='ltr'>potestatis</span> <span class='ocrx_word' id='word_1_106' title='bbox 1840 1095 2059 1147; x_wconf 75' lang='lat' dir='ltr'>consilio</span> <span class='ocrx_word' id='word_1_107' title='bbox 2086 1093 2249 1146; x_wconf 89' lang='lat' dir='ltr'>debet</span> 
     </span>
     <span class='ocr_line' id='line_1_13' title="bbox 354 1169 2321 1252; baseline -0.001 -28"><span class='ocrx_word' id='word_1_108' title='bbox 354 1172 642 1224; x_wconf 81' lang='lat' dir='ltr'>conservari</span> <span class='ocrx_word' id='word_1_109' title='bbox 682 1178 732 1224; x_wconf 91' lang='lat' dir='ltr'>et</span> <span class='ocrx_word' id='word_1_110' title='bbox 757 1172 934 1240; x_wconf 75' lang='lat' dir='ltr'>dirigi,</span> <span class='ocrx_word' id='word_1_111' title='bbox 975 1173 1178 1241; x_wconf 87' lang='lat' dir='ltr'>hocque</span> <span class='ocrx_word' id='word_1_112' title='bbox 1206 1174 1291 1226; x_wconf 82' lang='lat' dir='ltr'>ius</span> <span class='ocrx_word' id='word_1_113' title='bbox 1318 1174 1364 1225; x_wconf 82' lang='lat' dir='ltr'>ei</span> <span class='ocrx_word' id='word_1_114' title='bbox 1391 1173 1489 1225; x_wconf 80' lang='lat' dir='ltr'>soii</span> <span class='ocrx_word' id='word_1_115' title='bbox 1517 1181 1807 1240; x_wconf 80' lang='lat' dir='ltr'>competere</span> <span class='ocrx_word' id='word_1_116' title='bbox 1838 1169 2075 1224; x_wconf 78' lang='lat' dir='ltr'>absolute</span> <span class='ocrx_word' id='word_1_117' title='bbox 2104 1173 2246 1238; x_wconf 89' lang='lat' dir='ltr'>pacti</span> <span class='ocrx_word' id='word_1_118' title='bbox 2312 1231 2321 1252; x_wconf 33' lang='grc' dir='ltr'><em>Α</em></span> 
     </span>
     <span class='ocr_line' id='line_1_14' title="bbox 354 1248 2247 1318; baseline -0.002 -17"><span class='ocrx_word' id='word_1_119' title='bbox 354 1254 504 1311; x_wconf 78' lang='lat' dir='ltr'>suut3</span> <span class='ocrx_word' id='word_1_120' title='bbox 543 1248 591 1299; x_wconf 88' lang='lat' dir='ltr'>si</span> <span class='ocrx_word' id='word_1_121' title='bbox 627 1250 746 1317; x_wconf 85' lang='lat' dir='ltr'>quis</span> <span class='ocrx_word' id='word_1_122' title='bbox 782 1263 902 1316; x_wconf 74' lang='lat' dir='ltr'>ergo</span> <span class='ocrx_word' id='word_1_123' title='bbox 939 1250 1050 1302; x_wconf 83' lang='lat' dir='ltr'>solo</span> <span class='ocrx_word' id='word_1_124' title='bbox 1085 1265 1184 1302; x_wconf 86' lang='lat' dir='ltr'>suo</span> <span class='ocrx_word' id='word_1_125' title='bbox 1223 1250 1435 1302; x_wconf 80' lang='lat' dir='ltr'>arbitrio</span> <span class='ocrx_word' id='word_1_126' title='bbox 1474 1257 1524 1302; x_wconf 88' lang='lat' dir='ltr'>et</span> <span class='ocrx_word' id='word_1_127' title='bbox 1553 1251 1719 1302; x_wconf 82' lang='lat' dir='ltr'>inscio</span> <span class='ocrx_word' id='word_1_128' title='bbox 1750 1263 1993 1318; x_wconf 86' lang='lat' dir='ltr'>supremo</span> <span class='ocrx_word' id='word_1_129' title='bbox 2022 1249 2247 1300; x_wconf 80' lang='lat' dir='ltr'>consilio</span> 
     </span>
     <span class='ocr_line' id='line_1_15' title="bbox 353 1325 2247 1394; baseline 0.001 -18"><span class='ocrx_word' id='word_1_130' title='bbox 353 1325 620 1392; x_wconf 77' lang='lat' dir='ltr'>negotium</span> <span class='ocrx_word' id='word_1_131' title='bbox 647 1325 860 1393; x_wconf 87' lang='lat' dir='ltr'>aliquod</span> <span class='ocrx_word' id='word_1_132' title='bbox 889 1327 1156 1394; x_wconf 89' lang='lat' dir='ltr'>publicum</span> <span class='ocrx_word' id='word_1_133' title='bbox 1186 1341 1461 1394; x_wconf 79' lang='lat' dir='ltr'>aggressus</span> <span class='ocrx_word' id='word_1_134' title='bbox 1481 1334 1559 1378; x_wconf 89' lang='lat' dir='ltr'>est</span> <span class='ocrx_word' id='word_1_135' title='bbox 1578 1327 1820 1392; x_wconf 78' lang='lat' dir='ltr'>exsequi,</span> <span class='ocrx_word' id='word_1_136' title='bbox 1860 1325 2098 1394; x_wconf 75' lang='lat' dir='ltr'>quamvis</span> <span class='ocrx_word' id='word_1_137' title='bbox 2117 1325 2247 1377; x_wconf 82' lang='lat' dir='ltr'>inde</span> 
     </span>
     <span class='ocr_line' id='line_1_16' title="bbox 352 1403 2248 1470; baseline -0.001 -16"><span class='ocrx_word' id='word_1_138' title='bbox 352 1403 728 1454; x_wconf 83' lang='lat' dir='ltr'>incrementum</span> <span class='ocrx_word' id='word_1_139' title='bbox 747 1403 995 1466; x_wconf 80' lang='lat' dir='ltr'>civitatis,</span> <span class='ocrx_word' id='word_1_140' title='bbox 1033 1405 1107 1455; x_wconf 86' lang='lat' dir='ltr'>uti</span> <span class='ocrx_word' id='word_1_141' title='bbox 1129 1404 1379 1466; x_wconf 85' lang='lat' dir='ltr'>diximus,</span> <span class='ocrx_word' id='word_1_142' title='bbox 1420 1411 1556 1456; x_wconf 89' lang='lat' dir='ltr'>certo</span> <span class='ocrx_word' id='word_1_143' title='bbox 1576 1409 1909 1470; x_wconf 85' lang='lat' dir='ltr'>sequeretur,</span> <span class='ocrx_word' id='word_1_144' title='bbox 1952 1405 2037 1454; x_wconf 87' lang='lat' dir='ltr'>ius</span> <span class='ocrx_word' id='word_1_145' title='bbox 2066 1407 2248 1452; x_wconf 74' lang='lat' dir='ltr'>temen</span> 
     </span>
     <span class='ocr_line' id='line_1_17' title="bbox 355 1478 2248 1548; baseline -0.002 -16"><span class='ocrx_word' id='word_1_146' title='bbox 355 1494 591 1532; x_wconf 73' lang='lat' dir='ltr'>summae</span> <span class='ocrx_word' id='word_1_147' title='bbox 613 1480 880 1547; x_wconf 88' lang='lat' dir='ltr'>potestatis</span> <span class='ocrx_word' id='word_1_148' title='bbox 900 1480 1105 1533; x_wconf 79' lang='lat' dir='ltr'>violavit</span> <span class='ocrx_word' id='word_1_149' title='bbox 1122 1487 1173 1531; x_wconf 89' lang='lat' dir='ltr'>et</span> <span class='ocrx_word' id='word_1_150' title='bbox 1193 1482 1515 1532; x_wconf 80' lang='lat' dir='ltr'>maiestatem</span> <span class='ocrx_word' id='word_1_151' title='bbox 1537 1481 1713 1544; x_wconf 79' lang='lat' dir='ltr'>laesit,</span> <span class='ocrx_word' id='word_1_152' title='bbox 1752 1487 1907 1548; x_wconf 90' lang='lat' dir='ltr'>atque</span> <span class='ocrx_word' id='word_1_153' title='bbox 1928 1480 2039 1532; x_wconf 82' lang='lat' dir='ltr'>iure</span> <span class='ocrx_word' id='word_1_154' title='bbox 2059 1478 2248 1530; x_wconf 85' lang='lat' dir='ltr'>merito</span> 
     </span>
     <span class='ocr_line' id='line_1_18' title="bbox 357 1557 654 1610; baseline 0 0"><span class='ocrx_word' id='word_1_155' title='bbox 357 1557 654 1610; x_wconf 72' lang='lat' dir='ltr'>damnetur.</span> 
     </span>
    </p>

    <p class='ocr_par' dir='ltr' id='par_1_3' title="bbox 357 1634 2276 2548">
     <span class='ocr_line' id='line_1_19' title="bbox 463 1634 2249 1702; baseline -0.003 -15"><span class='ocrx_word' id='word_1_156' title='bbox 463 1636 549 1690; x_wconf 78' lang='lat'>52.</span> <span class='ocrx_word' id='word_1_157' title='bbox 595 1634 842 1702; x_wconf 77' lang='lat' dir='ltr'>Superest</span> <span class='ocrx_word' id='word_1_158' title='bbox 876 1634 1008 1698; x_wconf 77' lang='lat' dir='ltr'>iam,</span> <span class='ocrx_word' id='word_1_159' title='bbox 1063 1641 1124 1684; x_wconf 90' lang='lat' dir='ltr'>ut</span> <span class='ocrx_word' id='word_1_160' title='bbox 1158 1649 1368 1686; x_wconf 86' lang='lat' dir='ltr'>omnem</span> <span class='ocrx_word' id='word_1_161' title='bbox 1402 1636 1709 1701; x_wconf 86' lang='lat' dir='ltr'>scrupulum</span> <span class='ocrx_word' id='word_1_162' title='bbox 1746 1647 2103 1694; x_wconf 74' lang='lat' dir='ltr'>amoveamus,</span> <span class='ocrx_word' id='word_1_163' title='bbox 2159 1646 2249 1683; x_wconf 87' lang='lat' dir='ltr'>re-</span> 
     </span>
     <span class='ocr_line' id='line_1_20' title="bbox 357 1709 2247 1779; baseline -0.002 -16"><span class='ocrx_word' id='word_1_164' title='bbox 357 1711 641 1778; x_wconf 87' lang='lat' dir='ltr'>spondere,</span> <span class='ocrx_word' id='word_1_165' title='bbox 669 1723 734 1763; x_wconf 86' lang='lat' dir='ltr'>an</span> <span class='ocrx_word' id='word_1_166' title='bbox 753 1710 804 1762; x_wconf 85' lang='lat' dir='ltr'>id</span> <span class='ocrx_word' id='word_1_167' title='bbox 821 1751 836 1771; x_wconf 90' lang='lat'>‚</span> <span class='ocrx_word' id='word_1_168' title='bbox 871 1709 1010 1777; x_wconf 89' lang='lat' dir='ltr'>quod</span> <span class='ocrx_word' id='word_1_169' title='bbox 1031 1724 1189 1779; x_wconf 83' lang='lat' dir='ltr'>supra</span> <span class='ocrx_word' id='word_1_170' title='bbox 1206 1711 1656 1777; x_wconf 79' lang='lat' dir='ltr'>affirmavimus¹)‚</span> <span class='ocrx_word' id='word_1_171' title='bbox 1688 1712 1831 1779; x_wconf 88' lang='lat' dir='ltr'>quod</span> <span class='ocrx_word' id='word_1_172' title='bbox 1850 1711 2047 1766; x_wconf 80' lang='lat' dir='ltr'>scilicet</span> <span class='ocrx_word' id='word_1_173' title='bbox 2066 1723 2247 1761; x_wconf 88' lang='lat' dir='ltr'>unus-</span> 
     </span>
     <span class='ocr_line' id='line_1_21' title="bbox 359 1786 2247 1857; baseline -0.001 -18"><span class='ocrx_word' id='word_1_174' title='bbox 359 1789 579 1857; x_wconf 81' lang='lat' dir='ltr'>quisque</span> <span class='ocrx_word' id='word_1_175' title='bbox 593 1826 606 1849; x_wconf 94' lang='lat'>,</span> <span class='ocrx_word' id='word_1_176' title='bbox 641 1788 731 1853; x_wconf 87' lang='lat' dir='ltr'>qui</span> <span class='ocrx_word' id='word_1_177' title='bbox 750 1787 966 1839; x_wconf 72' lang='lat' dir='ltr'>rationis</span> <span class='ocrx_word' id='word_1_178' title='bbox 985 1802 1142 1839; x_wconf 88' lang='lat' dir='ltr'>usum</span> <span class='ocrx_word' id='word_1_179' title='bbox 1160 1803 1266 1840; x_wconf 89' lang='lat' dir='ltr'>nou</span> <span class='ocrx_word' id='word_1_180' title='bbox 1288 1787 1459 1851; x_wconf 74' lang='lat' dir='ltr'>habet,</span> <span class='ocrx_word' id='word_1_181' title='bbox 1490 1789 1544 1841; x_wconf 87' lang='lat' dir='ltr'>in</span> <span class='ocrx_word' id='word_1_182' title='bbox 1564 1795 1702 1841; x_wconf 88' lang='lat' dir='ltr'>statu</span> <span class='ocrx_word' id='word_1_183' title='bbox 1719 1788 1938 1841; x_wconf 85' lang='lat' dir='ltr'>naturali</span> <span class='ocrx_word' id='word_1_184' title='bbox 1959 1786 2247 1853; x_wconf 81' lang='lat' dir='ltr'>exlegibus</span> 
     </span>
     <span class='ocr_line' id='line_1_22' title="bbox 358 1863 2249 1933; baseline -0.001 -18"><span class='ocrx_word' id='word_1_185' title='bbox 358 1864 618 1931; x_wconf 87' lang='lat' dir='ltr'>appetitus</span> <span class='ocrx_word' id='word_1_186' title='bbox 637 1877 845 1916; x_wconf 86' lang='lat' dir='ltr'>summo</span> <span class='ocrx_word' id='word_1_187' title='bbox 864 1865 975 1917; x_wconf 83' lang='lat' dir='ltr'>iure</span> <span class='ocrx_word' id='word_1_188' title='bbox 993 1872 1205 1917; x_wconf 74' lang='lat' dir='ltr'>naturae</span> <span class='ocrx_word' id='word_1_189' title='bbox 1223 1866 1367 1927; x_wconf 88' lang='lat' dir='ltr'>vivit,</span> <span class='ocrx_word' id='word_1_190' title='bbox 1398 1881 1499 1917; x_wconf 88' lang='lat' dir='ltr'>non</span> <span class='ocrx_word' id='word_1_191' title='bbox 1520 1871 1691 1933; x_wconf 78' lang='lat' dir='ltr'>aperte</span> <span class='ocrx_word' id='word_1_192' title='bbox 1713 1866 1813 1917; x_wconf 86' lang='lat' dir='ltr'>iuri</span> <span class='ocrx_word' id='word_1_193' title='bbox 1834 1866 2005 1918; x_wconf 85' lang='lat' dir='ltr'>divino</span> <span class='ocrx_word' id='word_1_194' title='bbox 2026 1863 2249 1916; x_wconf 82' lang='lat' dir='ltr'>revelato</span> 
     </span>
     <span class='ocr_line' id='line_1_23' title="bbox 357 1938 2249 2009; baseline -0.002 -16"><span class='ocrx_word' id='word_1_195' title='bbox 357 1946 630 2009; x_wconf 75' lang='lat' dir='ltr'>repugnet.</span> <span class='ocrx_word' id='word_1_196' title='bbox 679 1940 810 1993; x_wconf 76' lang='lat' dir='ltr'>Nem</span> <span class='ocrx_word' id='word_1_197' title='bbox 830 1955 995 2007; x_wconf 87' lang='lat' dir='ltr'>quum</span> <span class='ocrx_word' id='word_1_198' title='bbox 1015 1955 1198 1995; x_wconf 89' lang='lat' dir='ltr'>omnes</span> <span class='ocrx_word' id='word_1_199' title='bbox 1219 1941 1454 1995; x_wconf 86' lang='lat' dir='ltr'>absolute</span> <span class='ocrx_word' id='word_1_200' title='bbox 1475 1944 1603 2009; x_wconf 81' lang='lat' dir='ltr'>(sive</span> <span class='ocrx_word' id='word_1_201' title='bbox 1618 1943 1831 1994; x_wconf 74' lang='lat' dir='ltr'>rationis</span> <span class='ocrx_word' id='word_1_202' title='bbox 1845 1956 2001 1994; x_wconf 91' lang='lat' dir='ltr'>usum</span> <span class='ocrx_word' id='word_1_203' title='bbox 2022 1938 2249 1993; x_wconf 76' lang='lat' dir='ltr'>habeant</span> 
     </span>
     <span class='ocr_line' id='line_1_24' title="bbox 358 2018 2246 2087; baseline -0.003 -15"><span class='ocrx_word' id='word_1_204' title='bbox 358 2021 466 2072; x_wconf 80' lang='lat' dir='ltr'>sive</span> <span class='ocrx_word' id='word_1_205' title='bbox 495 2018 692 2082; x_wconf 82' lang='lat' dir='ltr'>minus)</span> <span class='ocrx_word' id='word_1_206' title='bbox 721 2032 883 2085; x_wconf 89' lang='lat' dir='ltr'>aeque</span> <span class='ocrx_word' id='word_1_207' title='bbox 912 2026 1209 2071; x_wconf 83' lang='lat' dir='ltr'>tenerentur</span> <span class='ocrx_word' id='word_1_208' title='bbox 1237 2036 1294 2072; x_wconf 81' lang='lat' dir='ltr'>ex</span> <span class='ocrx_word' id='word_1_209' title='bbox 1324 2019 1566 2072; x_wconf 77' lang='lat' dir='ltr'>mandato</span> <span class='ocrx_word' id='word_1_210' title='bbox 1596 2020 1768 2072; x_wconf 84' lang='lat' dir='ltr'>divino</span> <span class='ocrx_word' id='word_1_211' title='bbox 1794 2020 2083 2087; x_wconf 84' lang='lat' dir='ltr'>proximum</span> <span class='ocrx_word' id='word_1_212' title='bbox 2102 2024 2246 2067; x_wconf 82' lang='lat' dir='ltr'>tam-</span> 
     </span>
     <span class='ocr_line' id='line_1_25' title="bbox 360 2092 2247 2164; baseline -0.003 -15"><span class='ocrx_word' id='word_1_213' title='bbox 360 2110 516 2164; x_wconf 77' lang='lat' dir='ltr'>quam</span> <span class='ocrx_word' id='word_1_214' title='bbox 536 2109 593 2147; x_wconf 88' lang='lat' dir='ltr'>se</span> <span class='ocrx_word' id='word_1_215' title='bbox 611 2095 786 2161; x_wconf 86' lang='lat' dir='ltr'>ipsum</span> <span class='ocrx_word' id='word_1_216' title='bbox 807 2110 998 2160; x_wconf 79' lang='lat' dir='ltr'>amere,</span> <span class='ocrx_word' id='word_1_217' title='bbox 1023 2110 1126 2148; x_wconf 89' lang='lat' dir='ltr'>non</span> <span class='ocrx_word' id='word_1_218' title='bbox 1147 2112 1265 2163; x_wconf 82' lang='lat' dir='ltr'>ergo</span> <span class='ocrx_word' id='word_1_219' title='bbox 1286 2100 1397 2151; x_wconf 84' lang='lat' dir='ltr'>sine</span> <span class='ocrx_word' id='word_1_220' title='bbox 1416 2098 1601 2149; x_wconf 82' lang='lat' dir='ltr'>iniuria</span> <span class='ocrx_word' id='word_1_221' title='bbox 1622 2096 1766 2148; x_wconf 83' lang='lat' dir='ltr'>alteri</span> <span class='ocrx_word' id='word_1_222' title='bbox 1787 2096 2033 2148; x_wconf 78' lang='lat' dir='ltr'>damnum</span> <span class='ocrx_word' id='word_1_223' title='bbox 2055 2092 2247 2145; x_wconf 75' lang='lat' dir='ltr'>inferre</span> 
     </span>
     <span class='ocr_line' id='line_1_26' title="bbox 359 2170 2249 2242; baseline -0.003 -17"><span class='ocrx_word' id='word_1_224' title='bbox 359 2186 644 2242; x_wconf 86' lang='lat' dir='ltr'>possumus</span> <span class='ocrx_word' id='word_1_225' title='bbox 664 2179 712 2224; x_wconf 92' lang='lat' dir='ltr'>et</span> <span class='ocrx_word' id='word_1_226' title='bbox 730 2172 858 2224; x_wconf 79' lang='lat' dir='ltr'>solis</span> <span class='ocrx_word' id='word_1_227' title='bbox 875 2173 1080 2240; x_wconf 79' lang='lat' dir='ltr'>legibus</span> <span class='ocrx_word' id='word_1_228' title='bbox 1103 2176 1364 2242; x_wconf 87' lang='lat' dir='ltr'>appetitus</span> <span class='ocrx_word' id='word_1_229' title='bbox 1391 2174 1575 2227; x_wconf 83' lang='lat' dir='ltr'>vivere.</span> <span class='ocrx_word' id='word_1_230' title='bbox 1649 2174 1735 2224; x_wconf 82' lang='lat'>53.</span> <span class='ocrx_word' id='word_1_231' title='bbox 1764 2174 1963 2225; x_wconf 79' lang='lat' dir='ltr'>&#39;Verum</span> <span class='ocrx_word' id='word_1_232' title='bbox 1994 2170 2117 2222; x_wconf 82' lang='lat' dir='ltr'>huic</span> <span class='ocrx_word' id='word_1_233' title='bbox 2146 2170 2249 2221; x_wconf 89' lang='lat' dir='ltr'>ob-</span> 
     </span>
     <span class='ocr_line' id='line_1_27' title="bbox 358 2246 2247 2312; baseline -0.003 -9"><span class='ocrx_word' id='word_1_234' title='bbox 358 2251 593 2312; x_wconf 82' lang='lat' dir='ltr'>iectioni,</span> <span class='ocrx_word' id='word_1_235' title='bbox 633 2250 682 2301; x_wconf 82' lang='lat' dir='ltr'>si</span> <span class='ocrx_word' id='word_1_236' title='bbox 714 2255 914 2302; x_wconf 88' lang='lat' dir='ltr'>tantum</span> <span class='ocrx_word' id='word_1_237' title='bbox 953 2250 1018 2302; x_wconf 91' lang='lat' dir='ltr'>ad</span> <span class='ocrx_word' id='word_1_238' title='bbox 1053 2257 1248 2303; x_wconf 88' lang='lat' dir='ltr'>statum</span> <span class='ocrx_word' id='word_1_239' title='bbox 1278 2250 1563 2304; x_wconf 74' lang='lat' dir='ltr'>naturalem</span> <span class='ocrx_word' id='word_1_240' title='bbox 1589 2249 1936 2310; x_wconf 74' lang='lat' dir='ltr'>attendimuS,</span> <span class='ocrx_word' id='word_1_241' title='bbox 1977 2246 2125 2299; x_wconf 76' lang='lat' dir='ltr'>facile</span> <span class='ocrx_word' id='word_1_242' title='bbox 2159 2262 2247 2297; x_wconf 86' lang='lat' dir='ltr'>re-</span> 
     </span>
     <span class='ocr_line' id='line_1_28' title="bbox 359 2324 2276 2397; baseline -0.004 -16"><span class='ocrx_word' id='word_1_243' title='bbox 359 2327 616 2397; x_wconf 82' lang='lat' dir='ltr'>spondere</span> <span class='ocrx_word' id='word_1_244' title='bbox 642 2340 956 2395; x_wconf 85' lang='lat' dir='ltr'>possumus;</span> <span class='ocrx_word' id='word_1_245' title='bbox 994 2341 1116 2380; x_wconf 87' lang='lat' dir='ltr'>nam</span> <span class='ocrx_word' id='word_1_246' title='bbox 1142 2329 1191 2379; x_wconf 85' lang='lat' dir='ltr'>is</span> <span class='ocrx_word' id='word_1_247' title='bbox 1221 2335 1271 2380; x_wconf 89' lang='lat' dir='ltr'>et</span> <span class='ocrx_word' id='word_1_248' title='bbox 1296 2334 1476 2380; x_wconf 77' lang='lat' dir='ltr'>natura</span> <span class='ocrx_word' id='word_1_249' title='bbox 1506 2335 1557 2379; x_wconf 90' lang='lat' dir='ltr'>et</span> <span class='ocrx_word' id='word_1_250' title='bbox 1584 2334 1812 2394; x_wconf 87' lang='lat' dir='ltr'>tempore</span> <span class='ocrx_word' id='word_1_251' title='bbox 1842 2327 1981 2393; x_wconf 90' lang='lat' dir='ltr'>prior</span> <span class='ocrx_word' id='word_1_252' title='bbox 2014 2331 2095 2377; x_wconf 84' lang='lat' dir='ltr'>est</span> <span class='ocrx_word' id='word_1_253' title='bbox 2124 2324 2276 2375; x_wconf 85' lang='lat' dir='ltr'>reli--</span> 
     </span>
     <span class='ocr_line' id='line_1_29' title="bbox 359 2402 2247 2472; baseline -0.003 -15"><span class='ocrx_word' id='word_1_254' title='bbox 359 2407 532 2472; x_wconf 78' lang='lat' dir='ltr'>gione.</span> <span class='ocrx_word' id='word_1_255' title='bbox 602 2404 768 2457; x_wconf 79' lang='lat' dir='ltr'>Nemo</span> <span class='ocrx_word' id='word_1_256' title='bbox 812 2406 949 2456; x_wconf 85' lang='lat' dir='ltr'>enim</span> <span class='ocrx_word' id='word_1_257' title='bbox 994 2419 1055 2456; x_wconf 87' lang='lat' dir='ltr'>ex</span> <span class='ocrx_word' id='word_1_258' title='bbox 1090 2412 1270 2457; x_wconf 74' lang='lat' dir='ltr'>natura</span> <span class='ocrx_word' id='word_1_259' title='bbox 1308 2408 1431 2467; x_wconf 87' lang='lat' dir='ltr'>scit,</span> <span class='ocrx_word' id='word_1_260' title='bbox 1489 2420 1547 2456; x_wconf 85' lang='lat' dir='ltr'>se</span> <span class='ocrx_word' id='word_1_261' title='bbox 1583 2403 1687 2456; x_wconf 80' lang='lat' dir='ltr'>ulla</span> <span class='ocrx_word' id='word_1_262' title='bbox 1726 2417 1843 2471; x_wconf 75' lang='lat' dir='ltr'>erga</span> <span class='ocrx_word' id='word_1_263' title='bbox 1879 2405 2047 2455; x_wconf 85' lang='lat' dir='ltr'>Deum</span> <span class='ocrx_word' id='word_1_264' title='bbox 2086 2402 2247 2452; x_wconf 83' lang='lat' dir='ltr'>teneri</span> 
     </span>
     <span class='ocr_line' id='line_1_30' title="bbox 361 2480 2248 2548; baseline -0.003 -13"><span class='ocrx_word' id='word_1_265' title='bbox 361 2482 746 2547; x_wconf 81' lang='lat' dir='ltr'>obedientia²);</span> <span class='ocrx_word' id='word_1_266' title='bbox 784 2482 890 2533; x_wconf 88' lang='lat' dir='ltr'>imo</span> <span class='ocrx_word' id='word_1_267' title='bbox 927 2494 1024 2533; x_wconf 86' lang='lat' dir='ltr'>nec</span> <span class='ocrx_word' id='word_1_268' title='bbox 1059 2482 1162 2533; x_wconf 80' lang='lat' dir='ltr'>ulia</span> <span class='ocrx_word' id='word_1_269' title='bbox 1200 2483 1395 2534; x_wconf 86' lang='lat' dir='ltr'>ratione</span> <span class='ocrx_word' id='word_1_270' title='bbox 1432 2481 1529 2534; x_wconf 79' lang='lat' dir='ltr'>hoc</span> <span class='ocrx_word' id='word_1_271' title='bbox 1556 2482 1795 2548; x_wconf 76' lang='lat' dir='ltr'>assequi,</span> <span class='ocrx_word' id='word_1_272' title='bbox 1836 2480 1929 2534; x_wconf 88' lang='lat' dir='ltr'>sed</span> <span class='ocrx_word' id='word_1_273' title='bbox 1959 2485 2158 2531; x_wconf 75' lang='lat' dir='ltr'>tentum</span> <span class='ocrx_word' id='word_1_274' title='bbox 2189 2492 2248 2529; x_wconf 83' lang='lat' dir='ltr'>ex</span> 
     </span>
    </p>
   </div>
   <div class='ocr_carea' id='block_1_3' title="bbox 365 2612 700 2623">
    <p class='ocr_par' dir='ltr' id='par_1_4' title="bbox 365 2612 700 2623">
     <span class='ocr_line' id='line_1_31' title="bbox 365 2612 700 2623; baseline 0 852"><span class='ocrx_word' id='word_1_275' title='bbox 365 2612 700 2623; x_wconf 95' lang='lat' dir='ltr'> </span> 
     </span>
    </p>
   </div>
   <div class='ocr_carea' id='block_1_4' title="bbox 363 2682 2249 3099">
    <p class='ocr_par' dir='ltr' id='par_1_5' title="bbox 464 2682 1168 2743">
     <span class='ocr_line' id='line_1_32' title="bbox 464 2682 1168 2743; baseline 0.004 -17"><span class='ocrx_word' id='word_1_276' title='bbox 464 2686 507 2737; x_wconf 84' lang='lat'>1)</span> <span class='ocrx_word' id='word_1_277' title='bbox 534 2683 635 2731; x_wconf 82' lang='lat' dir='ltr'>vid.</span> <span class='ocrx_word' id='word_1_278' title='bbox 656 2682 794 2729; x_wconf 84' lang='lat' dir='ltr'>huius</span> <span class='ocrx_word' id='word_1_279' title='bbox 812 2694 916 2739; x_wconf 88' lang='lat' dir='ltr'>cap.</span> <span class='ocrx_word' id='word_1_280' title='bbox 937 2686 980 2737; x_wconf 74' lang='grc' dir='ltr'>ς.</span> <span class='ocrx_word' id='word_1_281' title='bbox 999 2686 1039 2727; x_wconf 76' lang='grc'>6.</span> <span class='ocrx_word' id='word_1_282' title='bbox 1062 2696 1168 2743; x_wconf 85' lang='lat' dir='ltr'>sqq.</span> 
     </span>
    </p>

    <p class='ocr_par' dir='ltr' id='par_1_6' title="bbox 363 2741 2249 3099">
     <span class='ocr_line' id='line_1_33' title="bbox 466 2741 2247 2799; baseline 0.001 -16"><span class='ocrx_word' id='word_1_283' title='bbox 466 2745 512 2795; x_wconf 81' lang='lat'>2)</span> <span class='ocrx_word' id='word_1_284' title='bbox 542 2742 678 2799; x_wconf 86' lang='lat' dir='ltr'>Quod</span> <span class='ocrx_word' id='word_1_285' title='bbox 699 2742 872 2789; x_wconf 83' lang='lat' dir='ltr'>Paulus</span> <span class='ocrx_word' id='word_1_286' title='bbox 894 2743 960 2787; x_wconf 86' lang='lat' dir='ltr'>ait</span> <span class='ocrx_word' id='word_1_287' title='bbox 987 2744 1141 2798; x_wconf 86' lang='lat' dir='ltr'>(Rom.</span> <span class='ocrx_word' id='word_1_288' title='bbox 1164 2747 1213 2799; x_wconf 84' lang='grc' dir='ltr'>ι,</span> <span class='ocrx_word' id='word_1_289' title='bbox 1250 2744 1367 2797; x_wconf 84' lang='lat'>20.),</span> <span class='ocrx_word' id='word_1_290' title='bbox 1397 2742 1611 2789; x_wconf 84' lang='lat' dir='ltr'>homines</span> <span class='ocrx_word' id='word_1_291' title='bbox 1640 2754 1746 2789; x_wconf 85' lang='lat' dir='ltr'>esse</span> <span class='ocrx_word' id='word_1_292' title='bbox 1764 2743 1866 2788; x_wconf 86' lang='lat' dir='ltr'>siue</span> <span class='ocrx_word' id='word_1_293' title='bbox 1886 2741 2085 2799; x_wconf 75' lang='lat' dir='ltr'>effugio,</span> <span class='ocrx_word' id='word_1_294' title='bbox 2114 2752 2247 2785; x_wconf 90' lang='lat' dir='ltr'>more</span> 
     </span>
     <span class='ocr_line' id='line_1_34' title="bbox 363 2800 2246 2859; baseline -0.002 -12"><span class='ocrx_word' id='word_1_295' title='bbox 363 2803 569 2847; x_wconf 87' lang='lat' dir='ltr'>humano</span> <span class='ocrx_word' id='word_1_296' title='bbox 589 2800 810 2859; x_wconf 87' lang='lat' dir='ltr'>loquitur.</span> <span class='ocrx_word' id='word_1_297' title='bbox 863 2804 983 2848; x_wconf 81' lang='lat' dir='ltr'>Nam</span> <span class='ocrx_word' id='word_1_298' title='bbox 1004 2814 1106 2859; x_wconf 77' lang='lat' dir='ltr'>cap.</span> <span class='ocrx_word' id='word_1_299' title='bbox 1129 2803 1209 2847; x_wconf 79' lang='lat' dir='ltr'>lx.</span> <span class='ocrx_word' id='word_1_300' title='bbox 1232 2805 1292 2855; x_wconf 87' lang='lat' dir='ltr'>(v.</span> <span class='ocrx_word' id='word_1_301' title='bbox 1314 2804 1379 2844; x_wconf 82' lang='lat'>18.</span> <span class='ocrx_word' id='word_1_302' title='bbox 1400 2804 1525 2859; x_wconf 87' lang='lat' dir='ltr'>sqq.)</span> <span class='ocrx_word' id='word_1_303' title='bbox 1548 2802 1758 2847; x_wconf 88' lang='lat' dir='ltr'>eiusdem</span> <span class='ocrx_word' id='word_1_304' title='bbox 1780 2801 2007 2858; x_wconf 86' lang='lat' dir='ltr'>epistolae</span> <span class='ocrx_word' id='word_1_305' title='bbox 2028 2810 2246 2856; x_wconf 85' lang='lat' dir='ltr'>expresse</span> 
     </span>
     <span class='ocr_line' id='line_1_35' title="bbox 364 2859 2246 2920; baseline -0.002 -15"><span class='ocrx_word' id='word_1_306' title='bbox 364 2862 526 2917; x_wconf 90' lang='lat' dir='ltr'>docet,</span> <span class='ocrx_word' id='word_1_307' title='bbox 555 2862 679 2917; x_wconf 86' lang='lat' dir='ltr'>quod</span> <span class='ocrx_word' id='word_1_308' title='bbox 697 2860 822 2906; x_wconf 88' lang='lat' dir='ltr'>Deus</span> <span class='ocrx_word' id='word_1_309' title='bbox 843 2862 976 2907; x_wconf 85' lang='lat' dir='ltr'>cuius</span> <span class='ocrx_word' id='word_1_310' title='bbox 997 2862 1117 2916; x_wconf 81' lang='lat' dir='ltr'>vult,</span> <span class='ocrx_word' id='word_1_311' title='bbox 1145 2862 1419 2920; x_wconf 83' lang='lat' dir='ltr'>miseretur,</span> <span class='ocrx_word' id='word_1_312' title='bbox 1450 2868 1496 2906; x_wconf 89' lang='lat' dir='ltr'>et</span> <span class='ocrx_word' id='word_1_313' title='bbox 1514 2873 1655 2918; x_wconf 89' lang='lat' dir='ltr'>quem</span> <span class='ocrx_word' id='word_1_314' title='bbox 1674 2861 1774 2905; x_wconf 74' lang='lat' dir='ltr'>vult</span> <span class='ocrx_word' id='word_1_315' title='bbox 1791 2861 1995 2914; x_wconf 87' lang='lat' dir='ltr'>indurat,</span> <span class='ocrx_word' id='word_1_316' title='bbox 2024 2865 2071 2903; x_wconf 92' lang='lat' dir='ltr'>et</span> <span class='ocrx_word' id='word_1_317' title='bbox 2090 2859 2246 2903; x_wconf 82' lang='lat' dir='ltr'>homi-</span> 
     </span>
     <span class='ocr_line' id='line_1_36' title="bbox 365 2919 2244 2979; baseline -0.002 -14"><span class='ocrx_word' id='word_1_318' title='bbox 365 2931 448 2965; x_wconf 80' lang='lat' dir='ltr'>nes</span> <span class='ocrx_word' id='word_1_319' title='bbox 476 2920 605 2965; x_wconf 84' lang='lat' dir='ltr'>nulla</span> <span class='ocrx_word' id='word_1_320' title='bbox 635 2921 693 2965; x_wconf 86' lang='lat' dir='ltr'>de</span> <span class='ocrx_word' id='word_1_321' title='bbox 719 2932 862 2967; x_wconf 84' lang='lat' dir='ltr'>eausa</span> <span class='ocrx_word' id='word_1_322' title='bbox 889 2921 1232 2968; x_wconf 76' lang='lat' dir='ltr'>inexcusabiles</span> <span class='ocrx_word' id='word_1_323' title='bbox 1263 2933 1393 2979; x_wconf 83' lang='lat' dir='ltr'>esse,</span> <span class='ocrx_word' id='word_1_324' title='bbox 1422 2933 1565 2979; x_wconf 81' lang='lat' dir='ltr'>quam</span> <span class='ocrx_word' id='word_1_325' title='bbox 1594 2920 1703 2978; x_wconf 88' lang='lat' dir='ltr'>quia</span> <span class='ocrx_word' id='word_1_326' title='bbox 1733 2922 1780 2965; x_wconf 85' lang='lat' dir='ltr'>iu</span> <span class='ocrx_word' id='word_1_327' title='bbox 1809 2920 1895 2965; x_wconf 78' lang='lat' dir='ltr'>Dei</span> <span class='ocrx_word' id='word_1_328' title='bbox 1925 2924 2153 2976; x_wconf 82' lang='lat' dir='ltr'>potestate</span> <span class='ocrx_word' id='word_1_329' title='bbox 2182 2919 2244 2961; x_wconf 85' lang='lat' dir='ltr'>ita</span> 
     </span>
     <span class='ocr_line' id='line_1_37' title="bbox 365 2977 2249 3038; baseline -0.002 -13"><span class='ocrx_word' id='word_1_330' title='bbox 365 2985 498 3035; x_wconf 85' lang='lat' dir='ltr'>suut,</span> <span class='ocrx_word' id='word_1_331' title='bbox 528 2985 579 3022; x_wconf 91' lang='lat' dir='ltr'>ut</span> <span class='ocrx_word' id='word_1_332' title='bbox 603 2978 754 3024; x_wconf 83' lang='lat' dir='ltr'>lutum</span> <span class='ocrx_word' id='word_1_333' title='bbox 782 2980 830 3025; x_wconf 87' lang='lat' dir='ltr'>iu</span> <span class='ocrx_word' id='word_1_334' title='bbox 848 2987 1078 3037; x_wconf 85' lang='lat' dir='ltr'>potestate</span> <span class='ocrx_word' id='word_1_335' title='bbox 1097 2980 1224 3037; x_wconf 79' lang='lat' dir='ltr'>figuli</span> <span class='ocrx_word' id='word_1_336' title='bbox 1238 3013 1251 3033; x_wconf 86' lang='lat'>,</span> <span class='ocrx_word' id='word_1_337' title='bbox 1281 2980 1361 3038; x_wconf 87' lang='lat' dir='ltr'>qui</span> <span class='ocrx_word' id='word_1_338' title='bbox 1382 2992 1439 3025; x_wconf 88' lang='lat' dir='ltr'>ex</span> <span class='ocrx_word' id='word_1_339' title='bbox 1457 2982 1621 3027; x_wconf 85' lang='lat' dir='ltr'>eadem</span> <span class='ocrx_word' id='word_1_340' title='bbox 1642 2992 1799 3026; x_wconf 86' lang='lat' dir='ltr'>massa</span> <span class='ocrx_word' id='word_1_341' title='bbox 1820 2980 1936 3025; x_wconf 75' lang='lat' dir='ltr'>facit</span> <span class='ocrx_word' id='word_1_342' title='bbox 1952 2990 2091 3031; x_wconf 79' lang='lat' dir='ltr'>vasa,</span> <span class='ocrx_word' id='word_1_343' title='bbox 2118 2977 2249 3022; x_wconf 85' lang='lat' dir='ltr'>aliud</span> 
     </span>
     <span class='ocr_line' id='line_1_38' title="bbox 368 3034 2244 3099; baseline -0.003 -17"><span class='ocrx_word' id='word_1_344' title='bbox 368 3040 427 3082; x_wconf 83' lang='lat' dir='ltr'>ad</span> <span class='ocrx_word' id='word_1_345' title='bbox 455 3038 622 3095; x_wconf 89' lang='lat' dir='ltr'>decus,</span> <span class='ocrx_word' id='word_1_346' title='bbox 651 3040 712 3083; x_wconf 80' lang='lat' dir='ltr'>ali</span> <span class='ocrx_word' id='word_1_347' title='bbox 805 3040 864 3084; x_wconf 87' lang='lat' dir='ltr'>ad</span> <span class='ocrx_word' id='word_1_348' title='bbox 891 3041 1120 3099; x_wconf 83' lang='lat' dir='ltr'>dedecus,</span> <span class='ocrx_word' id='word_1_349' title='bbox 1152 3048 1199 3086; x_wconf 88' lang='lat' dir='ltr'>et</span> <span class='ocrx_word' id='word_1_350' title='bbox 1225 3053 1321 3081; x_wconf 82' lang='lat' dir='ltr'>non</span> <span class='ocrx_word' id='word_1_351' title='bbox 1342 3045 1609 3096; x_wconf 77' lang='lat' dir='ltr'>propterea</span> <span class='ocrx_word' id='word_1_352' title='bbox 1637 3040 1763 3097; x_wconf 76' lang='lat' dir='ltr'>quod</span> <span class='ocrx_word' id='word_1_353' title='bbox 1796 3034 2089 3095; x_wconf 71' lang='lat' dir='ltr'>praemoniti</span> <span class='ocrx_word' id='word_1_354' title='bbox 2114 3040 2244 3079; x_wconf 75' lang='lat' dir='ltr'>mne.</span> 
     </span>
    </p>
   </div>
   <div class='ocr_carea' id='block_1_5' title="bbox 369 3096 2249 3156">
    <p class='ocr_par' dir='ltr' id='par_1_7' title="bbox 369 3096 2249 3156">
     <span class='ocr_line' id='line_1_39' title="bbox 369 3096 2249 3156; baseline -0.001 -13"><span class='ocrx_word' id='word_1_355' title='bbox 369 3096 534 3151; x_wconf 59' lang='lat' dir='ltr'>(Galba</span> <span class='ocrx_word' id='word_1_356' title='bbox 563 3104 720 3156; x_wconf 85' lang='lat' dir='ltr'>etque</span> <span class='ocrx_word' id='word_1_357' title='bbox 757 3110 782 3144; x_wconf 90' lang='lat' dir='ltr'>e</span> <span class='ocrx_word' id='word_1_358' title='bbox 825 3100 1201 3147; x_wconf 79' lang='lat' dir='ltr'>avertissements</span> <span class='ocrx_word' id='word_1_359' title='bbox 1220 3113 1279 3146; x_wconf 85' lang='lat' dir='ltr'>ne</span> <span class='ocrx_word' id='word_1_360' title='bbox 1297 3106 1482 3148; x_wconf 80' lang='lat' dir='ltr'>servent</span> <span class='ocrx_word' id='word_1_361' title='bbox 1499 3101 1559 3150; x_wconf 84' lang='lat' dir='ltr'>de</span> <span class='ocrx_word' id='word_1_362' title='bbox 1576 3098 1676 3146; x_wconf 83' lang='lat' dir='ltr'>rien</span> <span class='ocrx_word' id='word_1_363' title='bbox 1695 3101 1724 3145; x_wconf 72' lang='lat' dir='ltr'>a</span> <span class='ocrx_word' id='word_1_364' title='bbox 1742 3098 1848 3146; x_wconf 87' lang='lat' dir='ltr'>leur</span> <span class='ocrx_word' id='word_1_365' title='bbox 1864 3097 1991 3146; x_wconf 82' lang='lat' dir='ltr'>salut</span> <span class='ocrx_word' id='word_1_366' title='bbox 2016 3109 2078 3143; x_wconf 92' lang='lat' dir='ltr'>ou</span> <span class='ocrx_word' id='word_1_367' title='bbox 2098 3096 2125 3142; x_wconf 73' lang='lat' dir='ltr'>a</span> <span class='ocrx_word' id='word_1_368' title='bbox 2144 3096 2249 3141; x_wconf 82' lang='lat' dir='ltr'>leur</span> 
     </span>
    </p>
   </div>
  </div>
 </body>
</html>
