2350 3475
917 135 1056 180 cu».
1109 133 1252 180 xlx.
1906 130 2025 198 251

139 308 550 362 concedentibus
569 316 621 361 et
637 308 1046 377 approbantibus
1065 309 1339 362 ordinibus
1356 307 1552 362 efficere
1572 315 1807 376 possent.
1846 309 1933 363 37.
1956 311 2035 362 Ex

140 385 340 454 quibus
369 388 637 453 sequitur,
679 387 764 439 ius
791 401 1065 454 supremae
1095 386 1379 439 maiestatis
1406 399 1612 453 semper
1639 400 1801 452 penes
1820 387 2034 440 ordines

141 464 332 527 fuisse,
355 462 495 532 quod
517 462 728 529 quidem
749 462 969 516 ultimus
988 478 1164 516 comes
1184 470 1401 516 conatus
1420 470 1499 517 est
1516 476 1787 530 usurpare.
1862 464 2034 526 Quare

141 541 296 608 longe
315 541 490 604 abest,
530 541 672 606 quod
692 539 758 600 ab
778 555 840 592 ec
859 540 1168 604 defecerint,
1207 555 1369 607 quum
1391 539 1667 607 pristinum
1686 554 1839 592 suum
1860 541 2034 607 impe·-

139 619 280 670 rium
307 632 476 685 paene
489 618 592 670 ism
613 619 866 670 emissum
886 624 1320 671 restauraverunt.
1391 617 1495 670 His
1514 618 1671 684 igitur
1690 617 1937 684 exemplis
1956 618 2033 679 id,

139 695 284 762 quod
316 695 568 758 diximus,
607 697 818 746 omnino
837 694 1168 748 confirmatur
1186 735 1204 758 ,
1244 694 1385 762 quod
1404 695 1603 747 scilicet
1620 695 2036 759 uniuscuiusque

141 773 346 839 imperii
368 771 529 823 forma
549 773 844 824 necessario
864 772 1129 826 retinenda
1149 780 1247 836 est,
1278 785 1375 824 nec
1393 772 1593 838 absque
1614 771 1843 838 periculo
1861 771 2035 824 totalis

140 849 312 915 ipsius
342 850 522 900 ruinae
554 849 738 901 mutari
767 855 956 916 potest.
1027 849 1097 902 Et
1114 849 1241 902 baec
1257 856 1384 902 sunt
1398 887 1415 914 ,
1454 863 1588 916 quae
1608 848 1694 902 bic
1714 863 1897 917 operae
1917 863 2039 916 pro-

141 927 278 978 tium
296 933 476 980 notare
495 925 638 978 duxi.

1330 1018 1357 1056 ι

141 1165 327 1227 CAP.
361 1163 534 1227 XIX.
613 1165 978 1239 ostenditur,
1013 1167 1108 1228 ius
1144 1166 1303 1227 cirea·
1332 1185 1505 1226 sacra
1540 1184 1731 1244 penes
1766 1185 2033 1228 summas

141 1264 482 1340 potestates
529 1261 765 1320 omnino
804 1279 979 1334 esse,
1033 1265 1095 1321 et
1127 1259 1437 1340 religionis
1475 1258 1694 1320 cultum
1732 1265 2037 1319 externum

142 1351 508 1434 reipublicae
551 1352 684 1434 paci
727 1353 1156 1415 accommodari
1195 1352 1433 1424 debere,
1469 1353 1523 1414 si
1558 1359 1721 1413 recte
1756 1351 1891 1414 Deo
1930 1353 2035 1413 ob-

779 1452 1114 1528 temperare
1149 1447 1423 1510 velimus.

248 1601 428 1664 Quum
450 1613 608 1666 supra
627 1599 728 1650 dixi
747 1597 830 1668 ¹),
870 1615 987 1664 eos,
1029 1601 1120 1666 qui
1138 1601 1417 1668 imperinm
1438 1606 1639 1664 tenent,
1672 1600 1756 1652 ius
1775 1599 1840 1653 ud
1861 1600 2031 1651 omnia

143 1677 292 1730 solos
322 1675 508 1728 babere
537 1682 587 1727 et
612 1689 641 1726 a
669 1673 781 1729 solo
801 1691 982 1729 eorum
1001 1676 1207 1730 decreto
1225 1679 1309 1730 ius
1334 1692 1488 1730 omne
1508 1677 1759 1748 pendere,
1796 1692 1899 1728 non
1921 1684 2038 1729 ten—

141 1763 258 1808 tum
290 1754 436 1806 civile
466 1753 752 1820 intelligere
776 1754 940 1820 volui,
979 1756 1071 1807 sed
1102 1756 1254 1808 etiam
1284 1771 1527 1818 sucrum3
1568 1770 1687 1807 nam
1707 1756 1863 1807 huius
1883 1755 2035 1807 etiam

143 1841 198 1884 et
235 1833 543 1899 interpretes
571 1845 688 1883 esse
714 1830 908 1883 debent
935 1838 986 1883 et
1012 1833 1261 1885 vindices.
1332 1832 1511 1899 Atque
1548 1834 1647 1885 boe
1682 1832 1765 1885 hic
1802 1846 2037 1898 expresse

141 1916 327 1961 notare
354 1907 469 1960 volo
497 1915 548 1960 et
575 1906 638 1959 de
666 1922 727 1959 eo
756 1922 816 1961 ex
832 1909 1067 1975 professo
1085 1910 1137 1961 in
1160 1910 1259 1961 hoc
1278 1911 1444 1977 capite
1464 1925 1642 1976 egere,
1685 1910 1808 1977 quia
1828 1908 2038 1976 plurimi

141 1991 300 2048 sunt,
327 1986 416 2051 qui
436 1992 744 2052 pernegant,
776 1985 1040 2048 hocius,
1073 2001 1297 2053 nempe
1328 1987 1497 2038 circa
1526 2001 1734 2049 sacra,
1766 1986 2039 2039 summis

141 2060 590 2131 potestatibus
628 2068 1016 2130 competere,
1058 2077 1227 2129 neque
1264 2077 1353 2114 eos
1385 2063 1689 2129 interpretes
1718 2064 1850 2114 iuris
1880 2061 2039 2113 divini

141 2152 428 2205 agnoscere
466 2140 662 2190 volunt.
734 2140 788 2193 2.
825 2137 975 2190 Unde
1015 2140 1171 2190 etiam
1208 2139 1468 2191 licentiam
1496 2139 1599 2191 sibi
1628 2146 1871 2201 sumunt,
1914 2152 2038 2190 eos-

142 2216 270 2267 dem
293 2215 570 2268 accusandi
591 2223 641 2268 et
663 2215 997 2277 traducendi,
1027 2216 1132 2267 imo
1153 2214 1218 2267 ab
1238 2215 1456 2268 ecclesia
1479 2216 1565 2283 (ut
1581 2217 1705 2268 oiim
1722 2214 2038 2267 Ambrosius

142 2290 501 2345 Theodosium
541 2292 841 2360 Caesarem)
877 2292 1375 2345 excommunicandi.
1448 2293 1551 2345 Sed
1590 2308 1680 2345 eos
1717 2292 1809 2343 bac
1845 2292 2039 2343 ratione

142 2369 428 2436 imperium
456 2369 712 2432 dividere,
749 2371 853 2421 imo
883 2370 1015 2420 viam
1037 2368 1102 2420 ad
1122 2370 1402 2437 imperium
1420 2370 1681 2430 affectare,
1720 2367 1851 2419 infra
1868 2368 1920 2419 in
1944 2367 2039 2418 boc

144 2446 270 2513 ipso
302 2446 467 2515 cupite
494 2446 787 2499 videbimus
803 2446 880 2509 ²).
951 2446 1082 2498 Nam
1108 2448 1255 2514 prius
1283 2448 1555 2499 ostendere
1590 2445 1732 2507 volo,
1772 2444 2040 2510 reiigio-

146 2537 293 2575 nem
318 2523 438 2575 vim
467 2523 633 2574 iuris
659 2524 949 2589 accipere
977 2537 1046 2574 ex
1071 2524 1445 2576 soloeorum
1475 2524 1759 2583 decreto,
1801 2521 1908 2587 qui
1935 2521 2037 2571 ius

143 2598 509 2665 imperandi
538 2598 803 2663 babent,
834 2606 894 2652 et
919 2602 1114 2653 Deum
1147 2600 1392 2653 nullum
1421 2598 1749 2665 singulare
1776 2611 2037 2664 regnum

145 2676 530 2730 inhomines
554 2675 821 2739 habere,
842 2677 969 2729 nisi
997 2692 1108 2744 per
1127 2691 1256 2739 eos,
1282 2677 1389 2742 qui
1420 2676 1759 2744 imperium
1787 2682 2032 2735 tenent;

145 2761 201 2806 et
236 2761 502 2820 praeterea
536 2753 704 2820 quod
751 2753 1094 2820 religionis
1131 2754 1345 2805 cultus
1384 2760 1445 2805 et
1489 2752 1761 2819 pietatis
1798 2752 2039 2803 exerci-

149 2832 311 2884 tium
355 2829 758 2898 reipublieae
801 2831 942 2899 psci
989 2837 1050 2885 et
1092 2830 1375 2884 utilitati
1428 2829 1920 2893 accommodari,
1976 2835 2071 2900 et·

262 3044 303 3093 1)
328 3041 432 3086 vid.
453 3053 556 3100 cap.
576 3044 644 3089 1⁶.
664 3045 708 3097 ς.
727 3046 795 3088 21.
813 3055 887 3101 sq.
908 3055 1011 3100 cup.
1035 3045 1100 3086 17.
1121 3045 1213 3095 §.5.
1227 3054 1329 3100 sqq.
1351 3055 1452 3099 cap.
1475 3045 1541 3086 18.
1560 3044 1603 3096 ς.
1623 3043 1691 3087 21.

259 3103 305 3155 2)
331 3101 435 3147 vid.
456 3102 578 3149 infru
599 3106 642 3158 ς.
660 3105 728 3149 11.
