2350 3475
869 141 1007 188 mr.
1061 139 1196 186 xvr.
1850 137 1971 199 215

72 319 387 381 civitatum,
428 318 548 388 qui,
575 331 652 390 *ne
681 315 806 370 belli
831 315 1134 370 discrimine
1160 318 1213 368 in
1233 288 1520 384 periculum
1539 315 1773 380 veniant,
1811 315 1979 370 veleb

75 397 245 447 aliam
287 403 672 462 quamcumque
707 393 980 446 utilitatem
1009 397 1139 446 inter
1165 409 1225 447 se
1250 392 1585 456 contrahunt,
1624 393 1846 448 invicem
1873 407 1977 446 non

74 473 326 534 laedere,
367 471 460 541 sed
481 478 659 523 contra
673 473 977 527 necessitate
1007 477 1219 538 cogente
1247 472 1513 540 opitulari,
1550 470 1709 538 idque
1736 483 1981 536 unoquo·
2080 505 2085 510 -

79 565 194 616 que
217 563 380 604 suum
409 549 685 616 inperium
716 550 986 601 retinente.
1057 552 1144 602 44.
1186 549 1287 602 Hic
1314 555 1607 601 contractus
1632 555 1738 602 tam
1767 547 1859 598 din
1884 545 1981 598 erit

79 625 326 688 validus,
365 639 523 692 quam
553 625 646 678 diu
673 626 786 678 eius
815 626 1242 688 fundamentum,
1282 625 1621 692 nempe'retio
1639 624 1855 692 periculi
1874 625 1981 676 sive

80 701 365 767 utilitatis,
406 704 460 755 in
490 702 660 754 medio
689 703 808 764 erit;
850 704 1044 770 quippe
1063 717 1215 755 nemo
1234 702 1512 764 contrahit,
1552 716 1647 757 nec
1668 703 1830 768 pactis
1848 707 1988 754 sture

84 785 334 842 tenetur,
387 773 490 832 nisi
525 793 619 845 spe
655 778 876 832 alicuius
915 779 1038 832 boni
1074 780 1153 832 vel
1192 778 1539 832 sollicitudine
1572 779 1792 832 alicuius
1838 776 1981 830 meli.

82 854 250 918 Quod
263 853 662 911 fundumentum
681 856 728 906 si
746 856 968 920 tollatur,
995 864 1201 924 pactum
1222 871 1280 908 ex
1298 871 1415 908 sese
1431 856 1651 920 tollitur;
1678 854 1819 922 quod
1832 855 1987 911 etiam

84 933 410 1000 experientia
427 933 556 984 setis
575 946 836 1000 superque
862 932 1028 984 docet.
1101 935 1187 984 45.
1224 934 1360 987 Nem
1389 937 1629 999 quumvis
1657 933 1857 986 diverse
1885 933 1986 983 im-

84 1009 240 1075 peria
278 1010 413 1062 inter
443 1023 502 1062 se
540 1009 838 1062 contrahant
871 1011 1086 1062 invicem
1117 1024 1217 1062 non
1249 1010 1478 1073 laedere,
1518 1017 1765 1062 conantur
1792 1017 1983 1070 temen,

85 1092 356 1150 quantum
390 1094 638 1154 possunt,
699 1079 976 1154 impedire,
1035 1102 1140 1153 quo
1178 1088 1353 1140 minus
1390 1086 1691 1140 alterutrum
1726 1085 1989 1154 potentius

85 1161 304 1226 evadet,
347 1177 444 1215 nec
470 1162 624 1216 fidem
654 1162 804 1215 dictis
826 1162 1040 1226 habent,
1083 1165 1186 1215 nisi
1208 1165 1479 1229 utriusque
1498 1163 1564 1215 sd
1582 1161 1987 1216 contrahendum

9 1261 26 1276 »
85 1237 255 1291 finem
273 1245 324 1292 et
336 1240 610 1292 utilitatem
624 1241 753 1292 setis
769 1247 1092 1308 perspectam
1114 1239 1421 1302 babuci-inu
1451 1239 1577 1292 alies
1592 1240 1768 1292 dolum
1786 1240 1987 1299 timent,

9 1318 14 1337 '
87 1331 194 1368 nec
233 1316 440 1370 iniuria.
515 1305 649 1380 Quis
687 1317 828 1368 enim
863 1316 1014 1376 dictis
1045 1323 1095 1368 et
1121 1317 1395 1384 promissis
1428 1318 1567 1379 eiuS,
1607 1316 1698 1383 qui
1730 1329 1991 1368 summam

87 1400 410 1459 potestatem
431 1393 581 1446 etius
599 1395 784 1446 retinet
801 1393 866 1445 ed
887 1393 1142 1460 quidlibet
1161 1387 1475 1455 faciendum,
1504 1401 1556 1444 et
1574 1394 1660 1446 cui
1679 1394 1765 1444 sui
1788 1391 1993 1457 imperii

92 1468 247 1522 salus
280 1477 331 1522 et
355 1470 552 1522 utilitas
581 1484 790 1522 summa
813 1471 894 1522 lex
920 1469 1074 1522 debet
1101 1485 1246 1533 esse,
1284 1472 1605 1537 acquiescet,
1646 1469 1747 1522 nisi
1778 1467 1989 1528 stultus,

9 1600 11 1603 ,
91 1548 187 1611 qui
211 1561 539 1599 summarum
560 1553 871 1612 potestatum
891 1548 975 1599 ius
995 1546 1232 1613 ignoret?
1266 1547 1351 1600 46.
1374 1547 1504 1598 Etsi
1527 1553 1785 1613 praeterea
1803 1544 1867 1596 ed
1887 1545 1995 1609 pie-

9 1692 11 1695 *
93 1629 258 1677 tutem
279 1630 329 1676 et
347 1623 646 1690 religionem
669 1624 1018 1687 attendamus,
1049 1624 1340 1677 videbimus
1360 1625 1573 1692 insuper
1590 1624 1871 1684 neminem,
1904 1620 1991 1686 qui

9 1706 11 1764 ζ
95 1700 380 1767 imperium
401 1707 568 1767 tenet,
611 1700 809 1768 absque
829 1701 1024 1755 scelere
1041 1702 1315 1769 promissis
1334 1709 1469 1755 stare
1489 1715 1647 1769 posse
1666 1715 1785 1754 cum
1805 1699 2001 1751 damno·

9 1801 11 1806 ·
95 1777 181 1827 sui
205 1778 436 1843 imperii.
489 1778 753 1845 Quicquid
773 1780 910 1832 enim
930 1780 1168 1847 promisit
1188 1779 1327 1846 quod
1346 1781 1400 1832 in
1422 1780 1670 1834 damnum
1690 1779 1773 1830 sui
1794 1774 1999 1842 imperii

97 1853 290 1905 cadere
320 1854 485 1917 videt,
524 1854 577 1906 id
611 1862 870 1922 praestare
898 1871 1002 1908 non
1031 1863 1231 1925 potest,
1276 1857 1376 1908 nisi
1398 1855 1556 1911 fidem
1574 1855 1804 1909 subditis
1824 1854 1997 1905 datam

97 1930 381 1993 solvendo,
438 1945 541 1998 que
577 1941 747 1984 tamen
783 1934 1006 1985 maxime
1040 1941 1276 1996 tenetur,
1324 1941 1376 1985 et
1409 1948 1565 2000 quum
1602 1934 1757 1985 etiem
1796 1942 1997 1981 servare

9 2031 11 2036 ·
98 2006 436 2059 sanctissime
455 2009 751 2074 promittere
779 2010 970 2061 solent.
1041 2010 1128 2061 47.
1167 2012 1327 2063 Ροιιο
1344 2011 1511 2061 hostis
1530 2018 1633 2072 est,
1676 2010 1995 2075 quicumque

98 2091 242 2135 extre
264 2084 516 2136 civitatem
535 2084 608 2135 ita
626 2086 769 2147 vivit,
808 2092 868 2137 ut
887 2099 1054 2152 neque
1071 2093 1128 2138 ut
1147 2086 1569 2149 confoederatus,
1602 2100 1769 2151 neque
1788 2091 1845 2137 ut
1862 2082 1995 2135 sub-

9 2176 12 2179 ·
100 2161 250 2211 ditus
285 2160 564 2226 imperium
599 2163 815 2214 civitatis
853 2169 1114 2229 agnoscat.
1187 2164 1411 2215 Hostem
1456 2163 1598 2215 enim
1643 2162 1846 2227 imperii
1892 2173 1999 2211 nou

101 2237 319 2298 odium,
357 2237 448 2289 sed
479 2238 563 2289 ius
591 2238 740 2301 facit,
779 2246 829 2291 et
857 2240 941 2291 ius
969 2240 1189 2291 civitatis
1216 2240 1268 2292 in
1288 2254 1437 2301 eum,
1477 2242 1569 2305 qui
1588 2240 1702 2291 elus
1720 2237 1999 2303 imperium

102 2314 252 2365 nullo
271 2314 604 2367 contrahendi
625 2330 810 2381 genere
829 2316 1078 2383 agnoscit,
1101 2315 1241 2368 idem
1258 2323 1337 2367 est
1350 2330 1409 2367 ac
1424 2317 1477 2367 in
1496 2330 1617 2367 eum
1636 2315 1727 2381 qui
1746 2313 1999 2365 damnum

103 2380 309 2449 intulit;
353 2392 545 2457 quippe
581 2406 909 2459 quacumque
940 2394 1135 2444 ratione
1165 2394 1375 2459 poterit,
1418 2391 1643 2462 eundem
1676 2389 1756 2442 vel
1793 2389 1859 2439 ad
1895 2388 1995 2439 de-

9 2513 11 2516 ,
104 2467 358 2521 ditionem
379 2467 456 2519 vel
477 2467 542 2519 ad
563 2468 1064 2521 confoederationem
1083 2471 1197 2521 iure
1215 2476 1597 2557 potestcogere.
1647 2468 1734 2521 48.
1759 2464 1997 2530 Denique

9 2579 18 2590 x
104 2546 308 2593 crimen
344 2544 521 2594 laesae
560 2547 855 2596 maiestatis
891 2547 942 2596 in
982 2546 1208 2597 subditis
1247 2546 1352 2596 sive
1387 2544 1586 2596 civibus
1623 2549 1853 2603 tantum,
1909 2540 2001 2606 qui

9 2614 23 2698 gf
105 2628 260 2686 pacto
279 2620 430 2671 tacito
447 2619 525 2671 vel
539 2635 782 2687 expresso
797 2636 950 2673 omne
971 2636 1126 2672 suum
1147 2622 1232 2672 ins
1254 2623 1308 2672 in
1330 2621 1583 2674 civitatem
1604 2618 1995 2680 transtulerunt,

9 2753 11 2762 ,
106 2699 282 2749 locum
312 2696 497 2761 haben
541 2705 694 2763 etque
724 2699 770 2749 is
797 2696 1043 2750 subditus
1073 2697 1170 2748 tale
1200 2698 1391 2749 crimen
1424 2696 1751 2749 commisisse
1787 2694 1995 2759 dicitur,

108 2775 200 2841 qui
229 2774 314 2825 ius
342 2788 577 2837 summae
611 2776 880 2841 potestatis
917 2774 1088 2840 alique
1128 2775 1323 2826 ratione
1348 2773 1595 2840 arripere,
1637 2786 1731 2825 seu
1760 2773 1813 2824 in
1840 2772 2001 2825 alium

9 2871 12 2888 ι
109 2849 384 2903 transferre
408 2858 626 2903 conatus
645 2858 743 2903 est.
799 2850 886 2902 49.
917 2850 1076 2902 Dico:
1117 2858 1335 2903 conatus
1354 2857 1455 2911 est3
1496 2864 1615 2901 nem
1633 2850 1806 2902 sinon
1826 2856 2003 2903 essent

110 2926 496 2982 condemnandi
513 2928 617 2979 nisi
638 2934 758 2994 post
776 2926 965 2979 factum
987 2928 1357 2993 commissum,
1388 2941 1503 2981 sero
1524 2927 1849 2995 plerumque,
1880 2932 2003 2994 post

113 3006 193 3057 ius
212 3011 480 3071 acceptum
500 3011 590 3056 aut
607 3003 914 3056 translatum
935 3005 987 3055 in
1009 3004 1170 3057 alium
1184 3043 1199 3069 ‚
1237 3004 1291 3056 id
1311 3012 1582 3057 coneretur
1602 3004 1800 3057 civitas.
1872 3004 2001 3055 Dico

116 3080 300 3135 deinde
321 3080 588 3135 absolute:
620 3081 710 3147 qui
730 3080 902 3149 aliqua
923 3082 1117 3135 ratione
1137 3082 1220 3135 ius
1240 3096 1475 3137 summae
1493 3082 1761 3150 potestatis
1780 3081 2001 3149 arripere
