2350 3475
829 145 969 191 cn.
1019 144 1210 190 xvm.
1634 117 1640 122 ’
1834 141 1957 202 243

37 323 140 375 hae
171 323 386 376 ratione
413 337 712 390 promovere
741 328 999 389 poter-anu
1040 337 1162 375 uam
1192 323 1289 376 etsi
1316 329 1589 392 tyranuum
1612 339 1641 377 e
1660 324 1833 377 medio
1852 325 1977 382 tol-.

37 401 250 462 ierem,
307 399 588 453 manebant
632 407 802 453 tamen
839 414 1048 454 cauae.
1119 400 1297 464 Quare
1330 401 1459 453 nibil
1493 401 1633 454 aliud
1672 401 1951 465 faciebant,

39 491 214 544 quam
251 491 444 529 novum
475 484 752 546 tyrannum
779 478 946 530 multo
973 480 1164 532 civium
1192 479 1449 545 sanguine
1478 494 1670 533 emere.
1740 480 1958 532 Discor-

41 555 152 606 diis
188 555 355 621 igitur
381 552 637 621 bellisque
667 553 906 607 civilibus
923 555 1048 607 {iuis
1066 555 1247 608 nullus
1261 595 1277 618 ,
1316 570 1502 608 causae
1522 557 1799 609 antemius
1818 557 1958 610 divi-

43 648 184 684 num
202 631 438 684 violandi
457 645 665 698 semper
683 632 890 684 eaedem
905 671 919 695 ‚
951 646 1087 699 quae
1107 635 1263 686 etiam
1282 647 1387 685 nou
1409 634 1513 686 uisi
1534 634 1693 687 simul
1712 649 1831 688 cum
1850 641 1957 687 toto

46 711 287 776 imperio
305 723 333 760 e
353 708 526 761 medio
545 708 655 760 tolli
675 716 974 776 potuerunt.

197 786 324 840 112.
361 786 462 837 His
488 785 750 848 videmus,
789 787 1054 854 quomodo
1085 789 1265 854 religio
1290 789 1344 840 in
1364 788 1720 842 Hebraeorum
1742 803 1956 857 rempu-

47 865 250 916 blicam
281 864 572 916 introducta
603 862 790 925 fuerit,
829 874 880 916 et
907 879 1012 931 qua
1039 867 1237 918 ratione
1256 866 1535 932 imperium
1554 874 1819 919 aeternum
1840 881 1957 919 esse

47 943 317 1007 potuerit,
359 943 404 992 si
431 942 570 992 iusta
593 940 898 1006 legislatoris
919 942 994 994 ira
1014 943 1067 993 in
1087 941 1269 993 eodem
1290 945 1569 1008 persistere
1590 945 1955 1004 concessisset.

49 1019 158 1071 Sed
189 1019 319 1085 quia
347 1017 400 1069 id
429 1016 539 1069 fieri
567 1032 670 1069 uon
700 1019 890 1084 potuit,
935 1018 1140 1072 taudem
1169 1020 1379 1071 iuterire
1407 1018 1605 1071 debuit.
1678 1023 1855 1088 Atque
1874 1021 1958 1074 bic

48 1097 118 1147 de
157 1095 278 1147 solo
313 1095 482 1161 primo
523 1095 742 1162 imperio
781 1095 986 1148 locutus
1021 1110 1164 1148 sum.
1242 1096 1358 1149 113.
1395 1098 1525 1148 Nam
1557 1098 1845 1150 secundum
1875 1101 1957 1151 vix

46 1172 250 1226 umbra
268 1172 362 1223 fuit
381 1172 560 1239 primi,
591 1172 1014 1238 quandoquidem
1033 1174 1143 1224 iure
1160 1175 1465 1234 Persarum,
1509 1187 1732 1239 quorum
1753 1175 1953 1227 subditi

49 1257 234 1310 erant,
257 1248 590 1310 tenebantun
629 1257 679 1300 et
699 1257 976 1315 postquam
995 1249 1287 1302 libertatem
1308 1251 1481 1317 adepti
1501 1257 1651 1310 sunt,
1682 1251 1953 1316 pontifices

49 1329 144 1379 ius
165 1327 488 1393 principatus
504 1334 915 1393 usurpaverunt,
957 1341 1062 1392 quo
1079 1329 1359 1394 imperium
1379 1327 1679 1379 absolutum
1700 1327 1951 1380 obtinue-

51 1411 210 1463 murz
268 1403 407 1455 unde
451 1402 808 1454 sacerdotibus
855 1403 1104 1469 regnandi
1151 1411 1205 1456 et
1247 1403 1605 1472 pontificatum
1642 1404 1801 1456 simul
1837 1404 1955 1455 adi-

54 1480 300 1549 piscendi
319 1480 504 1544 ingens
523 1479 706 1532 libido.
782 1481 899 1532 114.
940 1482 1110 1544 Quare
1131 1481 1197 1532 de
1216 1481 1313 1533 boc
1332 1482 1561 1533 secundo
1584 1482 1798 1533 minime
1816 1495 1953 1548 opus

56 1558 160 1610 fuit
181 1557 330 1624 plura
348 1555 541 1610 dicere.
612 1557 696 1608 An
716 1571 834 1608 vero
854 1559 1078 1623 primum
1092 1597 1106 1618 ,
1140 1566 1293 1624 prout
1312 1559 1486 1625 ipsum
1507 1557 1743 1610 durabile
1766 1572 1955 1611 conce-

55 1638 265 1702 pimus,
298 1632 550 1686 imitabile
567 1635 636 1686 sit
654 1634 732 1686 vel
754 1636 899 1701 pium
914 1671 929 1695 ‚
961 1634 1013 1686 id
1030 1671 1044 1696 ‚
1065 1636 1239 1701 quoad
1258 1636 1371 1687 eius
1392 1635 1500 1688 lieri
1524 1642 1721 1703 potest,
1741 1637 1949 1698 imitari,

60 1729 122 1765 ex
159 1710 508 1778 sequentibus
546 1711 761 1781 patebit.
839 1713 957 1767 115.
995 1714 1098 1765 Hic
1125 1719 1326 1766 tantum
1360 1713 1619 1767 coronidis
1650 1713 1762 1767 loco
1790 1713 1955 1767 notari

62 1790 212 1842 velim
229 1830 244 1852 ‚
267 1788 324 1841 id
345 1789 608 1855 quodiam
631 1804 786 1857 supra
805 1791 1076 1842 innuimus
1087 1792 1144 1857 ¹¹¹)
1158 1830 1172 1854 ‚
1208 1806 1395 1859 nempe
1416 1806 1473 1844 ex
1492 1791 1599 1857 his,
1631 1793 1839 1857 quaein
1860 1791 1955 1844 boc

63 1869 230 1935 eapite
245 1866 574 1919 ostendimus
589 1904 604 1929 ,
647 1877 907 1930 constare,
953 1870 1037 1919 ius
1059 1869 1292 1920 divinum
1311 1870 1417 1921 sive
1438 1869 1707 1936 religionis
1726 1883 1785 1921 ex
1806 1878 1955 1937 pacto

63 1946 212 2009 oriri,
251 1946 368 1995 sine
406 1958 512 2010 quo
547 1944 752 1997 nullum
792 1952 872 1997 est
907 1946 1010 1997 nisi
1047 1946 1305 2011 naturale3
1342 1954 1395 1997 et
1420 1946 1535 1997 ideo
1563 1946 1785 1997 Hebraei
1814 1947 1954 1999 nulla

63 2024 252 2089 pietate
269 2034 390 2087 erga
405 2027 586 2087 gentes
601 2060 615 2080 ‚
639 2036 770 2087 quae
793 2028 942 2090 pacto
962 2037 1066 2073 non
1089 2022 1461 2084 interfuerunt,
1497 2038 1556 2074 ex
1575 2024 1726 2075 iussu
1748 2024 1953 2090 religio-

66 2100 145 2151 nis
166 2096 494 2159 tenebantur‚
519 2096 611 2150 sed
631 2105 829 2150 tantum
849 2099 904 2149 in
925 2100 1182 2151 concives.

69 2348 247 2409 cAP.
293 2343 517 2407 XVIII.
617 2344 712 2406 Ex
763 2345 1171 2407 Hebraeorum
1225 2346 1528 2429 republica
1580 2353 1642 2408 et
1690 2348 1952 2409 historiis

335 2440 628 2519 quaedam
664 2441 943 2521 dogmata
978 2438 1225 2520 politica
1260 2440 1696 2502 concluduntur.

170 2593 422 2658 Quamvis
473 2591 828 2644 Hebraeorum
876 2594 1184 2660 imperium,
1234 2592 1385 2659 quale
1430 2594 1600 2660 ipsum
1642 2594 1693 2644 in
1743 2609 1952 2659 praece-

71 2672 210 2725 denti
245 2670 410 2735 capite
449 2671 813 2736 concepimu3‚
859 2678 1124 2724 aeternum
1162 2685 1277 2723 esse
1315 2671 1565 2738 potuerit,
1602 2670 1742 2722 idem
1782 2680 1949 2724 tamen

72 2763 220 2801 nemo
250 2746 355 2797 iam
384 2746 573 2798 imitari
605 2754 796 2814 potest,
839 2762 934 2800 nec
963 2749 1116 2801 etiam
1144 2749 1441 2799 consultum
1472 2754 1569 2798 est.
1641 2749 1771 2799 Nam
1794 2750 1838 2799 si
1862 2750 1949 2815 qui

72 2840 224 2879 suum
251 2823 407 2875 insin
426 2824 597 2876 Deum
617 2824 886 2878 transferre
906 2826 1117 2891 vellent,
1160 2825 1216 2876 id
1236 2841 1355 2878 cum
1374 2826 1483 2879 Deo
1496 2864 1511 2889 ‚
1552 2826 1707 2878 sicuti
1727 2826 1951 2878 Hebraei

75 2904 316 2965 lecerunt,
349 2913 589 2967 expresse
607 2904 798 2970 pacisci
816 2901 1082 2967 deberent,
1103 2900 1341 2970 adeoque
1361 2917 1464 2954 uon
1487 2912 1690 2956 tantum
1710 2904 1947 2959 voluutas

174 3106 216 3158 0)
243 3104 339 3149 Vid.
361 3104 403 3158 ς.
424 3105 491 3148 26.
511 3114 616 3163 sqq.
1416 3173 1525 3229 ¹⁶*
