2350 3475
815 114 845 130 ·’
865 123 1006 170 cai».
1057 121 1169 173 vn,
1515 100 1523 109 ’
1844 120 1963 186 105

74 303 461 370 cognoscimus.
533 303 586 356 9.
625 299 729 354 Sed
765 308 826 353 ut
861 301 999 354 clare
1031 309 1260 365 constet,
1298 301 1431 356 bane
1458 303 1594 356 viam
1620 319 1727 357 non
1764 313 1965 360 tantum

76 390 298 444 certam,
338 379 434 434 sed
461 382 614 432 etiam
641 381 846 432 unicam
875 393 1018 443 esse,
1059 394 1277 447 eamque
1302 394 1423 432 cum
1450 381 1693 434 methodo
1710 384 1966 450 interpre-

77 459 212 510 tandi
251 466 492 510 naturam
531 459 827 520 convenire,
869 457 1185 521 notandum,
1226 458 1367 524 quod
1402 459 1664 526 Scriptura
1702 460 1767 512 de
1804 461 1965 513 rebus

74 537 384 603 saepissime
413 537 543 601 agit,
581 549 716 601 quae
741 549 802 586 ex
828 535 1099 602 principiis
1127 534 1325 588 iumine
1352 536 1575 588 naturali
1604 539 1742 588 notis
1779 537 1965 590 deduci

77 619 372 678 nequeunt:
413 614 526 664 eius
555 613 696 664 enim
733 615 1006 664 maximam
1041 619 1235 678 partem
1271 613 1513 666 historiae
1548 621 1599 666 et
1631 615 1965 667 revelationes

76 697 418 757 componunt.
510 691 596 742 10.
641 688 714 740 At
749 688 990 740 historiae
1027 690 1273 741 miracula
1308 692 1644 756 potissimum
1682 694 1961 755 continent,

14 779 16 796 ¹
77 766 165 818 boc
183 773 269 818 est
289 769 374 830 (ut
395 765 446 818 iu
467 767 733 834 superiore
760 767 925 833 capite
944 767 993 832 ¹)
1025 766 1405 830 ostendimus),
1446 770 1764 820 narrationes
1792 783 1966 822 rerum

78 844 406 895 insolitarum
441 851 682 905 naturae,
729 841 1068 910 opinionibus
1105 849 1157 894 et
1196 844 1407 895 iudiciis
1444 844 1833 909 historicorum,
1873 849 1965 913 qui

78 935 158 972 eas
185 922 546 986 scripserunt,
584 921 1026 981 accommodatam
1065 920 1400 973 revelationes
1421 929 1601 974 autem
1632 923 1967 990 opinionibus

79 999 228 1050 etia-
245 997 618 1065 prophetarum
638 997 1054 1050 accommodatae
1071 1005 1214 1060 sunt,
1253 998 1383 1050 utin
1402 999 1633 1051 seeundo
1652 1014 1767 1067 cap.
1789 1009 1968 1052 osten-

81 1074 254 1126 dimus
277 1075 338 1143 ²)
363 1113 380 1136 ,
435 1079 489 1126 et
521 1075 636 1140 ipss
672 1089 844 1126 revera
881 1081 1090 1140 captum
1129 1075 1417 1126 humanum
1454 1085 1719 1143 superant.
1794 1078 1967 1142 Quare

79 1152 302 1217 cognitio
331 1151 518 1202 borum
546 1152 807 1214 omnium,
846 1151 946 1202 boc
963 1160 1072 1214 cst,
1111 1152 1343 1202 omnium
1374 1152 1481 1203 fere
1509 1167 1709 1215 rerum,
1748 1169 1883 1220 quae
1909 1156 1967 1206 in

79 1229 346 1296 Scriptura
373 1229 727 1291 continentur,
767 1227 976 1294 abipsa
1003 1229 1271 1295 Scriptura
1300 1228 1412 1280 sola
1448 1231 1552 1296 peti
1589 1229 1769 1290 debet;
1810 1234 1964 1283 sicuti

79 1306 300 1371 cognitio
319 1312 534 1357 naturae
553 1303 618 1356 ab
637 1306 750 1371 ipsa
769 1313 969 1356 natura.
1037 1307 1121 1357 11.
1142 1305 1299 1369 Quod
1316 1306 1383 1357 ad
1402 1306 1710 1358 documenta
1730 1309 1963 1371 moralia,

80 1397 208 1448 quse
233 1383 396 1434 etiam
425 1384 480 1432 in
507 1382 692 1434 Bibliis
719 1383 1077 1446 continentur,
1119 1384 1330 1443 attinet,
1368 1383 1465 1434 etsi
1492 1383 1608 1450 ipsa
1638 1397 1699 1435 ex
1735 1385 1969 1435 notioni-

79 1459 176 1511 bus
205 1457 578 1510 communibus
605 1459 946 1512 demonstrari
977 1466 1230 1525 possunt,
1271 1473 1376 1511 non
1404 1467 1576 1526 potest
1600 1469 1775 1512 tamen
1791 1475 1851 1514 ex
1869 1461 1965 1513 iis-

80 1538 194 1589 dem
213 1536 590 1598 demonstrari,
631 1537 948 1602 Scripturam
969 1537 1150 1589 eadem
1171 1536 1375 1598 docere,
1416 1536 1511 1588 sed
1530 1535 1627 1588 hoc
1644 1551 1703 1590 ex
1722 1537 1831 1589 sola
1850 1540 1965 1604 ipsa

81 1615 358 1682 Scriptura-
377 1619 616 1664 constare
651 1621 840 1680 potest.
913 1617 1033 1666 imo·
1061 1615 1106 1666 si
1147 1615 1263 1665 sine
1298 1614 1613 1680 praeiudicio
1650 1615 1967 1668 divinitatem

82 1693 376 1759 scripturae
401 1690 580 1743 testari
605 1690 872 1756 volumus,
913 1690 1068 1744 nobis
1095 1705 1154 1744 ex
1182 1690 1363 1743 eadem
1392 1692 1501 1745 sols
1531 1699 1769 1745 constare
1792 1691 1965 1755 debet,
2078 1744 2088 1757 ‚

80 1772 244 1837 ipsam
279 1782 400 1821 vera
425 1768 735 1821 documenta
765 1770 976 1822 moralia
1003 1769 1215 1831 docere·;
1254 1784 1315 1821 ex
1342 1770 1438 1821 boc
1456 1771 1593 1823 enim
1616 1770 1727 1821 solo
1748 1771 1863 1822 eius
1884 1771 1967 1822 di-

77 1848 266 1899 vinitas
292 1846 632 1899 demonstrari
669 1852 858 1911 potest.
937 1848 1070 1899 Nam
1109 1847 1470 1899 certitudinem
1508 1847 1871 1915 prophetarum
1908 1860 1985 1899 ex·

16 1942 18 1983 4
79 1925 176 1976 boc
201 1923 479 1990 praecipue
507 1929 744 1975 constare
773 1923 1125 1987 ostendimus,
1165 1924 1317 1989 quod.
1335 1925 1615 1990 prophetae
1642 1925 1873 1977 animum
1902 1924 1968 1976 ad

77 2012 306 2067 aequum
335 2006 388 2051 et
413 1998 612 2051 bonum
637 2000 940 2051 inclinatum
970 1999 1249 2052 habebant.
1322 2001 1493 2063 Quare
1522 2001 1617 2053 boc
1642 2002 1784 2053 idem
1811 2003 1967 2054 etiam

80 2078 232 2129 nobis
259 2084 498 2129 constare
525 2075 710 2140 debet,
749 2084 808 2129 ut
831 2076 990 2129 iidem
1017 2078 1149 2144 ipsis
1187 2079 1452 2144 possimus
1487 2077 1697 2131 babere.
1749 2081 1854 2135 -12,
1892 2080 1967 2129 Ex

80 2156 348 2208 miraculis
377 2162 548 2206 auoem
575 2155 671 2207 Dei
699 2154 1012 2207 divinitatem
1042 2168 1145 2206 non
1182 2160 1339 2221 posse
1376 2155 1635 2221 convinci,
1671 2157 1776 2207 iam
1812 2156 1966 2207 etiam

80 2234 578 2291 demonstravimus,
619 2238 680 2283 ut
705 2233 806 2283 iam
835 2238 1056 2295 taceam,
1097 2232 1239 2297 quod
1259 2233 1413 2284 etiam
1433 2247 1461 2283 a
1480 2231 1969 2299 pseudo-propheta

81 2310 189 2361 lieri
217 2315 474 2376 poterant.
546 2309 718 2371 Quare
747 2310 1039 2374 scripturae
1078 2308 1317 2361 divinitas
1356 2324 1415 2361 ex
1450 2308 1546 2361 hoc
1581 2310 1693 2361 solo
1732 2314 1967 2361 constare

82 2387 262 2450 debet,
281 2386 446 2452 -quod
467 2387 578 2452 ipsa
597 2399 770 2438 veram
788 2388 1028 2439 virtutem
1047 2385 1247 2438 doceat.
1318 2386 1483 2453 Atqui
1501 2387 1600 2438 boc
1618 2402 1677 2438 ex
1696 2386 1804 2437 sola
1824 2386 1969 2437 Scri-

79 2472 230 2531 ptura
247 2469 487 2514 constare
504 2470 698 2530 potest.
771 2462 928 2527 Quod
947 2464 993 2515 si
1015 2478 1117 2513 non
1135 2472 1316 2530 posset
1332 2463 1442 2515 fieri
1458 2504 1473 2527 ,
1512 2478 1615 2515 non
1646 2464 1760 2515 siue
1779 2476 1966 2528 magno

80 2540 398 2607 praeiudicio
423 2540 641 2591 eandem
671 2540 1100 2607 amplecteremur
1124 2549 1176 2592 et
1201 2542 1265 2593 de
1301 2543 1417 2594 eius
1452 2541 1715 2593 divinitate
1751 2548 1968 2592 testare·-

81 2632 212 2669 mur.
283 2617 414 2670 'l'ota
447 2618 626 2683 itaque
654 2618 950 2684 scripturae
987 2620 1213 2683 cognitio
1250 2618 1317 2670 ab
1348 2620 1465 2687 ipsa
1502 2620 1611 2671 sola
1650 2619 1752 2684 peti
1788 2617 1963 2669 debet.

83 2695 166 2745 13.
203 2694 446 2759 Denique
474 2694 737 2761 Scriptura
765 2709 966 2757 rerum,
1005 2695 1072 2747 dc
1108 2694 1303 2762 quibus
1338 2696 1597 2762 loquitur,
1636 2696 1967 2747 definitiones

81 2786 178 2824 non
201 2771 376 2835 trudit,
397 2778 458 2821 ut
475 2785 570 2823 nec
589 2772 743 2823 etism
765 2780 966 2825 natura.
1008 2773 1185 2836 Quare
1206 2772 1647 2839 quemadmodum
1667 2787 1726 2824 ex
1746 2773 1967 2826 diversis

82 2857 292 2902 naturae
325 2848 622 2901 actionibus
659 2848 984 2902 definitiones
1023 2865 1195 2903 rerum
1232 2850 1542 2902 naturalium
1579 2850 1967 2904 concludendae

177 3038 222 3087 ι)
259 3034 361 3079 Vid-
384 3046 486 3090 cap.
507 3036 547 3076 6.
569 3036 610 3087 ς.
631 3036 669 3077 3.
691 3018 838 3080 iss‘al.
1093 3058 1100 3064 -

173 3098 222 3149 2)
261 3096 364 3141 vid.
383 3106 486 3153 cap.
507 3097 548 3137 2.
571 3096 782 3154 inprimis
803 3099 844 3151 ς.
867 3098 1052 3141 13—15.
