2350 3475
378 104 462 162 74
771 95 1160 152 rueramus
1198 88 1855 150 anennoeton-pour.

371 368 558 431 CAP.
597 371 679 430 Vs
762 371 858 430 De
884 371 1129 443 ratione,
1167 389 1269 430 cur
1296 371 1662 430 ceremoniae
1690 367 1989 430 institutae
2016 369 2274 440 'fuer-int,

431 479 491 532 et
527 473 603 532 de
639 473 752 532 fide
789 472 1193 542 historiarum,
1239 492 1453 552 nempe
1490 492 1607 550 qua
1640 474 1862 534 ratione
1898 479 1959 534 et
1994 473 2223 552 quibus

1025 595 1098 635 ea
1132 575 1475 636 necessaria
1518 576 1611 634 sit.
1652 603 1657 608 ·

481 743 546 792 In,
561 742 821 808 superiore
842 745 1006 811 capite
1024 735 1365 811 ostendimus,
1405 744 1569 811 legem
1592 742 1833 806 divinam,
1872 754 2006 809 quae
2024 741 2271 795 homines

379 833 494 872 vere
515 818 693 870 beatos
715 821 880 871 reddit
895 828 948 872 et
966 835 1134 874 veram
1155 823 1308 875 vitam
1330 819 1511 884 docet‚‘
1548 818 1791 875 omnibus
1818 833 1933 872 esse
1960 820 2271 872 hominibus

379 894 746 958 universalem3
788 899 891 948 imo
923 913 1034 950 eam
1063 914 1122 950 ex
1146 899 1371 950 humana
1404 906 1583 953 natura
1602 899 1669 948 ita
1690 897 2024 961 dedux'imuS,
2060 904 2126 948 ut
2150 898 2271 964 ipsa

381 973 636 1026 humanae
655 975 812 1025 menti
833 975 1009 1026 innata
1029 983 1080 1026 et
1097 977 1246 1041 quasi
1266 977 1512 1041 inscripta
1532 972 1865 1026 existitnanda
1882 976 1971 1026 sita
2006 977 2061 1031 2.
2084 975 2269 1037 Quum
2333 1041 2334 1044 Ἴ

381 1057 554 1102 autem
575 1052 912 1114 ceremoniae,
933 1067 1026 1104 eae
1041 1053 1247 1116 saltem,
1271 1067 1405 1118 quae
1424 1052 1680 1103 habentur
1696 1053 1753 1102 in
1772 1059 1939 1104 vetere
1954 1057 2271 1103 testamento

381 1126 632 1179 Hebraeis
663 1135 861 1180 tantum
895 1130 1158 1181 institutae
1188 1136 1240 1181 et
1276 1143 1454 1180 eorum
1490 1130 1707 1196 imperio
1740 1129 1811 1180 ita
1850 1121 2271 1179 accommodatae

380 1205 598 1268 suerint,
640 1213 696 1257 ut
727 1207 949 1256 maxima·
970 1220 1028 1258 ex
1056 1213 1199 1273 parte
1228 1206 1294 1257 ab
1314 1207 1552 1258 universa
1572 1207 1842 1266 societate,
1880 1219 1985 1256 non
2006 1211 2181 1256 autem
2202 1204 2271 1255 ab

380 1297 696 1348 unoquoque
707 1284 929 1335 exerceri
953 1284 1244 1350 potuerint,
1284 1289 1480 1334 certum
1502 1290 1597 1346 est,
1640 1296 1728 1334 eas
1748 1281 1812 1333 ad
1840 1282 2005 1348 legem
2036 1281 2269 1333 divinam

381 1374 486 1410 non
507 1361 757 1426 pertinere
773 1399 786 1422 ‚
819 1361 1051 1426 adeoque
1070 1375 1164 1413 nec
1184 1361 1335 1412 etiam
1356 1359 1419 1410 ad
1442 1359 1811 1412 beatitudinem
1832 1365 1885 1410 et
1901 1361 2140 1410 virtutem
2160 1359 2267 1409 ali-

379 1435 506 1501 quid
527 1435 716 1496 faeere3
756 1437 850 1488 sed
869 1451 956 1489 eas
979 1438 1142 1488 solam
1160 1437 1513 1490 Hebraeorum
1536 1437 1841 1488 electionem
1856 1475 1869 1498 ‚
1912 1435 2007 1486 hoc
2035 1443 2115 1486 est
2143 1436 2270 1502 (per

380 1529 466 1575 ea,
507 1528 638 1578 quae
673 1515 726 1564 in
763 1516 912 1564 tertio
947 1528 1064 1580 cap.
1103 1515 1481 1580 ostendimus),
1532 1514 1697 1564 solam
1733 1513 1961 1578 corporis
2003 1519 2271 1580 tempora-

381 1604 528 1641 neam
559 1590 853 1641 felicitatem
879 1596 932 1640 et
962 1590 1165 1655 imperii
1192 1591 1610 1656 tranquillitatem
1632 1589 1921 1656 respicere,
1963 1597 2269 1655 propterea-

378 1679 482 1730 que
521 1679 624 1716 non
659 1665 760 1716 nisi
797 1671 963 1717 stante
1000 1680 1178 1720 eorum
1213 1668 1430 1732 imperio
1476 1667 1631 1718 ullius
1668 1680 1799 1718 usus
1842 1679 1959 1717 esse
2003 1668 2266 1732 potuisse.

381 1744 430 1794 3.
465 1742 531 1792 Si
557 1757 647 1795 eae
673 1743 830 1807 igitur
857 1744 908 1794 in
937 1750 1105 1796 vetere
1135 1752 1442 1796 testamento
1472 1745 1535 1796 ad
1555 1744 1718 1809 legem
1733 1746 1834 1795 ¹Dei
1854 1743 2167 1806 referantur,
2212 1745 2267 1795 id

379 1825 646 1885 propterea
674 1825 872 1871 tantum
903 1820 1030 1883 suit,
1070 1823 1194 1889 quia
1218 1836 1279 1887 ex
1306 1820 1608 1874 revelatione
1625 1821 1781 1873 velex
1798 1820 2157 1873 fundamensss
2174 1836 2267 1872 re-

381 1887 559 1947 velatis
579 1898 844 1949 institutae
864 1897 1092 1949 suerunt.
1163 1900 1356 1950 Verum
1378 1900 1499 1965 quia
1522 1898 1667 1959 ratio,
1701 1898 1901 1949 tametsi
1924 1898 2264 1961 solidissima,

381 1971 521 2038 apud
556 1986 863 2025 communes
894 1974 1157 2039 theologos
1196 1989 1299 2026 non
1337 1974 1561 2027 multum
1599 1974 1756 2037 valet,
1796 1974 1941 2027 lubet
1967 1974 2049 2027 hic
2076 1974 2235 2029 haec
2250 2015 2264 2036 ‚

381 2064 543 2115 quae
592 2050 771 2101 modo
816 2050 1255 2113 ostendimus,
1316 2052 1691 2117 scripturae
1740 2053 1929 2103 etiam
1976 2054 2267 2104 auctori-

381 2133 510 2176 tate
551 2126 936 2179 confirmare
949 2144 964 2189 3
1005 2135 1056 2178 et
1082 2127 1271 2180 deinde
1299 2126 1361 2180 ad
1384 2130 1626 2181 maiorem
1647 2129 2059 2195 perspicuitatem
2080 2135 2267 2180 osten-

380 2203 500 2255 dere
523 2242 538 2265 ,
597 2218 715 2269 qua
759 2206 1006 2256 ratione
1049 2211 1111 2255 et
1145 2204 1466 2271 quomodo
1506 2206 1905 2275 ceremoniae
1943 2205 2019 2256 ad
2055 2206 2266 2272 impe-
2333 2226 2334 2277 3

380 2283 542 2331 rium
575 2278 953 2357 Iudaeorum
998 2280 1468 2339 stabiliendum
1514 2289 1572 2333 et
1616 2281 2121 2334 conservandum
2162 2282 2266 2333 in-

382 2373 408 2409 s
421 2372 448 2409 e
461 2373 522 2410 rv
534 2358 549 2408 i
561 2372 588 2409 e
599 2356 633 2409 b
647 2372 676 2409 a
689 2373 720 2408 n
732 2366 769 2409 t.
2333 2354 2334 2369 ¹

483 2438 536 2485 4.
574 2436 756 2486 Esaias
786 2434 913 2486 nihil
943 2435 1129 2486 clarius
1158 2435 1335 2497 docet,
1373 2449 1528 2501 quam
1559 2433 1700 2500 quod
1728 2434 1802 2485 lex
1830 2434 1997 2487 divina
2026 2433 2263 2485 absolute

384 2518 590 2577 sumpta
616 2511 866 2577 significet
892 2512 1030 2563 illam
1059 2511 1226 2578 legem
1255 2510 1621 2576 universalem,
1663 2526 1793 2577 quae
1822 2513 1874 2562 in
1905 2526 2019 2562 vera
2059 2511 2261 2563 vivendi

385 2589 576 2639 ratione
607 2590 865 2650 consistit,
906 2578 1010 2638 non
1041 2594 1213 2639 autem
1244 2589 1579 2660 ceremonia&
1625 2588 1829 2655 ‘Capite
1860 2589 1996 2641 enim
2023 2586 2070 2637 1.
2102 2602 2151 2640 v.
2177 2587 2260 2639 10.
2333 2580 2334 2635 j

385 2664 630 2730 propheta
657 2673 860 2729 gentem
890 2678 1038 2715 suam
1061 2672 1213 2715 vocat
1238 2664 1301 2715 ad
1330 2664 1492 2730 legem
1522 2664 1741 2716 divinam
1770 2678 1828 2715 ex
1848 2680 1904 2716 se
1926 2662 2259 2729 audiendam,
2333 2718 2334 2733 χ

384 2756 444 2791 ex
471 2754 572 2805 qua
601 2742 742 2806 prius
771 2742 942 2792 omnia
969 2739 1333 2792 sacrificiorum
1365 2755 1546 2807 genera
1574 2742 1795 2793 secludit
1820 2747 1869 2792 et
1893 2742 2064 2791 omnia
2108 2739 2257 2799 festa,
2333 2734 2334 2745 ¹

385 2824 435 2867 et
473 2816 695 2867 tandem·
716 2817 878 2883 legem
915 2813 1081 2883 ipsam
1119 2817 1270 2868 docet
1296 2818 1435 2884 (vide
1453 2833 1500 2871 v.
1524 2818 1607 2870 16.
1633 2818 1747 2886 17.)
1787 2824 1941 2883 atque
1968 2816 2054 2867 his
2080 2818 2261 2882 paucis

386 2892 774 2958 comprehendit
789 2932 802 2955 ‚
842 2907 1026 2960 nempe
1053 2895 1103 2944 in
1125 2892 1480 2960 purificatione
1500 2895 1660 2946 animi
1681 2901 1730 2946 et
1749 2895 1950 2947 virtutis
1968 2893 2075 2946 sive
2096 2892 2263 2943 bona-

387 2984 502 3021 rum
521 2968 778 3019 actionum
797 2984 897 3020 usn
919 2982 1011 3021 seu
1032 2969 1235 3033 habitu,
1277 2977 1329 3021 et
1357 2971 1740 3038 deniqueinopi
1758 2970 2003 3021 autllium
2023 2968 2262 3022 serendo.

389 3046 438 3097 5.
469 3046 574 3097 Nec
591 3045 762 3096 minus
779 3044 1100 3098 luculentum
1118 3048 1471 3101 testimonium
1491 3054 1571 3101 est
1588 3047 1716 3100 illud
1732 3048 1927 3099 Psalmi
1948 3049 2034 3100 40.
2052 3060 2104 3100 v.
2125 3046 2177 3099 7.
2205 3048 2258 3099 9.
