2350 3475
894 100 1031 145 oar.
1088 100 1226 145 vm.
1879 98 2000 158 125

106 280 261 333 muni
299 276 573 331 hominum
612 277 817 343 ingenio
854 283 903 329 ct
937 276 1206 343 capacitati
1242 276 1648 339 accommodata,
1686 282 1748 329 nt
1776 286 2003 333 nostram

108 372 230 409 esse
250 355 605 410 ostendimus.
662 354 903 406 Vidimus
924 356 1063 406 enim
1084 370 1192 419 eas,
1217 368 1347 421 quas
1364 355 1466 407 iam
1485 352 1642 407 hahet
1659 354 1999 415 difficultates,

108 442 253 486 ortas
274 433 449 486 fuisse
466 431 531 485 ab
552 432 823 483 hominum
840 432 1075 485 socordia
1091 470 1106 496 ,
1145 446 1252 483 non
1271 438 1444 486 autem
1463 446 1524 483 ex
1541 440 1725 484 natura
1753 432 2000 485 methodi.

10 735 14 756 ι
108 672 302 734 ΟΑΡ.
347 672 507 733 Vin.
596 672 659 733 ln
706 694 822 753 quo
867 674 1196 733 ostenditur
1229 624 1677 735 pentateuchon
1724 681 1786 735 et
1819 672 2003 734 libros

106 767 362 837 losuae,
416 766 699 840 Indicum,
760 766 909 841 But,
957 765 1258 828 Samuelis
1303 773 1365 827 et
1409 767 1645 848 Regum
1689 789 1805 828 non
1859 788 2005 828 esse

152 861 552 943 autographa.
645 861 881 922 Deinde
932 862 1265 941 inquiritur,
1324 882 1396 921 an
1453 882 1653 923 eorum
1707 863 1962 925 omnium

178 955 508 1036 scriptores
534 955 738 1037 plures
766 956 1007 1029 fuerint,
1033 976 1105 1015 an
1134 976 1288 1017 unus
1316 962 1566 1031 tantum,
1592 962 1655 1017 et
1681 957 1935 1036 quinam.

214 1126 275 1175 In
306 1123 633 1191 praecedenti
662 1128 827 1192 capite
855 1125 919 1176 de
947 1123 1300 1177 fundamentis
1329 1131 1380 1176 et
1409 1125 1676 1191 principiis
1697 1126 2004 1192 cognitionis

10 1233 12 1260 ᾗ
110 1200 497 1267 Scripturarum
534 1204 764 1269 egimus,
803 1216 966 1269 eaque
1004 1202 1146 1253 nulla
1181 1201 1279 1251 alia
1311 1216 1427 1253 esse
1454 1202 1806 1260 ostendimus,
1845 1216 2004 1268 quam

110 1278 299 1329 harum
321 1279 576 1331 sinceram
598 1281 889 1340 historiam;
930 1280 1061 1331 hanc
1088 1286 1288 1341 autem,
1331 1293 1628 1345 quanquam
1658 1279 1892 1345 apprimo
1911 1294 2007 1329 ne-

109 1357 391 1407 cessariam
408 1395 423 1418 ,
455 1364 651 1408 veteres
670 1363 841 1408 tamen
862 1356 1149 1423 neglexisse
1164 1395 1179 1418 ,
1211 1356 1287 1407 vel
1304 1394 1319 1417 ,
1357 1358 1401 1407 si
1422 1370 1578 1422 quam
1599 1356 1899 1421 scripserim
1917 1362 2005 1405 aut

110 1430 445 1495 tradiderint,
486 1440 777 1499 temporum
806 1434 992 1485 iniuria
1016 1434 1260 1500 periisse,
1303 1438 1747 1498 etconsequenter
1764 1444 2004 1498 magnam

111 1516 311 1573 partem
341 1509 794 1562 fundamentorum
824 1519 875 1562 et
901 1511 1272 1577 principiorum
1307 1511 1463 1561 huius
1499 1509 1806 1575 cognitionis
1844 1508 2005 1561 inter·
2116 1562 2125 1569 Ν

10 1597 12 1604 ·
112 1585 326 1637 cidisse.
396 1588 453 1642 2.
490 1589 644 1651 Quod
676 1588 845 1639 adhuc
872 1587 1200 1639 tolerandum
1223 1593 1388 1649 esset,
1431 1588 1476 1638 si
1497 1586 1684 1653 posteri
1704 1586 1836 1637 intra
1857 1600 2004 1637 veros

8 1741 28 1885 l

8 2076 21 2175 l

8 2298 17 2353 l

108 1662 306 1713 limites
325 1676 383 1715 se
404 1665 800 1728 continuissent,
823 1672 872 1715 et
889 1678 1070 1730 pauca,
1095 1679 1230 1731 quae
1251 1671 1555 1731 acceperant
1573 1671 1664 1716 aut
1682 1664 2000 1726 invenerant,

110 1739 248 1792 bona
270 1755 391 1793 cum
410 1741 511 1794 lide
530 1741 923 1794 successoribus
943 1745 1056 1794 suis
1077 1742 1433 1808 tradidissent,
1457 1756 1552 1794 nec
1571 1755 1699 1794 nova
1719 1755 1780 1792 ex
1799 1734 2008 1808 proprio

111 1817 323 1869 cerebro
344 1822 723 1872 excussissem:
764 1834 869 1886 quo
897 1820 1091 1871 factum
1120 1827 1226 1882 est,
1265 1826 1326 1870 ut
1343 1820 1636 1886 Scripturas
1664 1818 1872 1870 historia
1900 1833 2005 1870 non

109 1902 311 1946 tantum
333 1895 629 1962 imperfecta
644 1937 659 1959 ,
698 1897 789 1948 sed
812 1897 963 1948 etiam
984 1895 1285 1948 mendosior
1304 1897 1569 1958 manserit,
1609 1895 1706 1946 hoc
1725 1902 1820 1960 est,
1860 1901 1920 1947 ut
1939 1895 2005 1946 iis

106 1972 306 2037 integra
328 1974 623 2038 superstrui
641 1975 837 2040 possit,
876 1975 968 2025 sed
1000 1975 1149 2024 etiam
1172 1974 1352 2024 vitiosa
1372 1972 1496 2023 sint.
1569 1973 1622 2024 3.
1659 1973 1803 2024 Haec
1822 1987 2003 2024 emen-

111 2047 233 2099 dare
257 2047 591 2102 fundamenta
613 2052 920 2117 cognitionis
940 2051 1318 2116 scripturarum
1337 2088 1350 2110 ‚
1393 2065 1496 2099 non
1519 2057 1718 2100 tantum
1738 2050 1998 2116 pauciora,

112 2133 169 2175 ut
199 2131 253 2175 et
280 2128 577 2178 communia
598 2126 879 2193 theologiae
900 2127 1214 2193 praeiudicia
1235 2127 1410 2177 tollere
1428 2124 1492 2176 ad
1513 2141 1686 2176 meum
1707 2127 2003 2178 institutum

113 2208 335 2268 spectat.
406 2202 477 2254 At
495 2219 687 2267 vereor,
711 2219 775 2256 ne
795 2205 952 2256 nimis
972 2219 1087 2255 sero
1106 2202 1205 2254 hoc
1223 2210 1418 2255 tentare
1438 2203 1731 2270 aggrediar3
1764 2217 1846 2254 res
1866 2203 2002 2252 enim

114 2293 172 2330 co
194 2280 297 2330 iam
318 2280 481 2332 ferme
502 2282 758 2347 pervenit,
798 2289 856 2333 ut
875 2281 1113 2332 homines
1133 2281 1264 2331 circa
1286 2279 1382 2330 hoc
1402 2295 1504 2330 non
1523 2280 1782 2346 patiantur
1801 2278 2000 2344 corrigi,

8 2414 12 2417 Α
112 2354 205 2407 sed
241 2356 292 2407 id
323 2357 466 2424 quod
495 2357 595 2409 sub
624 2360 797 2424 specie
824 2358 1085 2424 religionis
1114 2357 1332 2424 amplexi
1361 2364 1510 2418 sunt,
1551 2357 1877 2422 pertinaciter
1901 2355 2002 2406 de-

110 2432 353 2495 fendant;
394 2434 659 2486 nec'ullus
689 2434 834 2486 locus
862 2436 1069 2500 rationi,
1112 2436 1217 2486 nisi
1248 2434 1384 2500 apud
1414 2434 1759 2498 paucissimos
1789 2431 2002 2499 (sicum

111 2509 330 2575 reliquis
352 2512 740 2580 comparentur)
760 2511 971 2564 relictus
990 2511 1208 2564 videtur.
1256 2509 1404 2561 Adeo
1423 2509 1522 2561 late
1543 2510 1667 2560 haec
1687 2508 2002 2574 praeiudicia

112 2586 385 2638 hominum
420 2596 621 2640 mentes
648 2597 1043 2654 occupaverunt.
1116 2589 1297 2639 Enitar
1314 2595 1486 2638 tamen
1505 2626 1518 2649 ,
1559 2601 1770 2651 remque
1789 2585 2002 2651 experiri

110 2679 214 2716 non
246 2664 482 2716 desinam
499 2704 513 2727 ,
554 2666 973 2732 quandoquidem
1004 2665 1133 2716 nihil
1162 2673 1269 2726 est,
1314 2679 1406 2716 cur
1433 2663 1496 2715 de
1514 2663 1610 2714 hac
1632 2677 1684 2714 re
1705 2665 1916 2729 prorsus
1936 2663 2003 2713 sit

115 2740 521 2808 desperandum.
595 2746 647 2794 4.
686 2744 752 2793 Ut
779 2758 837 2794 ea
867 2749 1039 2794 autem
1069 2741 1249 2794 ordine
1277 2741 1577 2803 ostendam,
1613 2754 1642 2790 a
1670 2739 2005 2806 praeiudi-

112 2819 235 2871 ciis
264 2821 436 2872 circa
459 2833 636 2871 veros
664 2821 1019 2886 scriptores
1042 2832 1367 2870 sacrorum
1394 2816 1706 2869 librorum
1734 2817 1997 2884 incipiam,

108 2902 159 2946 et
180 2896 357 2962 primo
384 2894 451 2947 de
475 2897 735 2964 scriptore
751 2897 1100 2948 Pentateuchi
1110 2916 1129 2946 :
1165 2910 1322 2960 quem
1347 2896 1458 2947 fere
1479 2908 1660 2946 omnes
1679 2895 1863 2948 Mosen
1884 2905 2001 2946 esse

110 2971 462 3034 crediderunt,
502 2973 609 3025 imo
628 2973 757 3025 adeo
774 2975 1105 3040 pertinaciter
1120 2972 1463 3024 defenderunt
1480 2969 1764 3034 Pharisaei,
1801 2977 1862 3022 ut
1879 2981 2000 3022 eum

108 3049 431 3106 haereticum
448 3049 747 3114 habuerint,
788 3051 882 3118 qui
900 3051 1041 3103 aliud
1060 3051 1204 3102 visus
1223 3055 1304 3101 est
1321 3049 1542 3109 sentit-03
1581 3055 1634 3100 et
1649 3047 1744 3100 hac
1761 3047 1826 3099 de
1841 3059 1998 3098 causa
