2350 3475
898 94 1039 140 cu.
1092 94 1157 139 x.
1325 136 1332 141 .
1855 90 1970 155 ¹61

92 271 253 337 Cyrus
280 270 519 323 omnium
548 270 753 338 primus
779 270 985 323 Indaeis
1004 271 1206 323 veniam
1225 267 1436 335 largitus
1456 275 1538 321 est
1556 268 1810 337 templum
1830 284 1976 323 reae-

92 347 366 410 dificandi,
404 354 457 399 et
487 347 554 399 ab
590 362 652 399 eo
690 355 921 415 tempore
954 348 1124 414 usque
1149 347 1216 398 ad
1245 347 1484 408 Darium,
1525 345 1789 399 decimum
1817 362 1975 413 qnar-

91 432 205 477 tum
240 432 295 476 et
329 424 573 477 ultimum
601 426 876 477 Persarum
914 438 1084 491 regem
1100 463 1115 486 ‚
1158 424 1288 475 ultra
1325 422 1427 475 230
1457 423 1578 473 anni
1615 430 1972 475 numerantur.

92 503 179 554 28.
232 503 408 564 Quare
442 517 551 553 non
586 501 797 565 dubito,
854 502 981 567 quin
1024 502 1077 552 bi
1112 499 1231 551 libri
1269 500 1468 553 dudum
1506 506 1780 566 postquam
1816 500 1976 551 ludas

92 578 443 631 machabaeus
465 579 639 645 templi
660 578 855 631 cultum
876 578 1208 639 restauravit,
1231 577 1410 643 scripti
1429 576 1646 639 fuerint,
1678 576 1834 643 idque
1853 578 1973 643 quia

92 662 201 705 tum
228 656 479 722 temporis
508 655 626 707 falsi
653 655 914 717 Danielis,
954 656 1149 707 Hezrae
1176 662 1230 705 et
1255 655 1450 705 Esteris
1488 653 1604 706 libri
1635 653 1921 705 edebantur
1945 668 1974 705 a

90 732 359 783 malevolis
384 732 703 798 quibusdam
718 770 733 795 ‚
773 733 863 798 qui
892 733 1007 783 sine
1024 732 1186 785 dubio
1205 739 1376 783 sectae
1397 732 1780 783 Zaducaeorum
1802 737 1972 791 erantg

90 822 209 857 nam
226 808 491 861 Pharisaei
511 823 779 875 nunquam
799 810 915 861 illos
934 808 1122 872 libroS‚
1145 807 1286 874 quod
1306 810 1464 859 seiam
1480 847 1495 870 ‚
1519 814 1836 875 receperunt.
1909 808 1978 857 Et

91 886 325 949 quamvis
354 886 407 936 in
437 884 595 951 libro,
637 886 729 953 qui
759 888 953 937 Hezrae
982 893 1197 951 quartus
1230 886 1444 947 dicitur,
1483 885 1686 938 fabulae
1721 885 1975 951 quaedam

89 962 434 1026 reperiantur,
456 976 589 1027 quas
608 965 759 1015 etiam
778 964 831 1013 in
852 963 1103 1015 Talmude
1123 962 1364 1027 legimns,
1391 977 1491 1013 non
1513 970 1684 1015 tamen
1705 963 1820 1015 ideo
1838 962 1978 1013 Pha-

91 1038 271 1089 risaeis
288 1046 418 1091 sunt
435 1038 716 1091 tribuendi.
787 1042 936 1101 Nam,
973 1041 1021 1091 si
1038 1039 1430 1105 stupidissimos
1451 1040 1648 1101 demas,
1687 1040 1864 1092 nullus
1881 1053 1976 1091 eo-

92 1130 203 1165 rum
220 1124 331 1177 est,
370 1118 587 1181 quinon
606 1116 778 1167 eredat
791 1153 805 1176 ‚
844 1116 958 1167 illas
978 1114 1182 1167 fabulas
1201 1114 1265 1167 ab
1285 1115 1460 1181 aliquo
1481 1124 1730 1182 nugatore
1749 1117 1975 1168 adiectas

91 1190 280 1254 t'uisse;
320 1193 460 1258 quod
490 1195 643 1245 etiam
676 1194 831 1243 credo
866 1193 1071 1258 aliquos
1109 1192 1324 1254 fecisse,
1365 1201 1426 1243 ut
1460 1207 1639 1245 eorum
1675 1194 1976 1245 traditiones

88 1268 335 1321 omnibus
369 1270 611 1321 ridendas
650 1269 969 1335 praeberent.
1052 1268 1136 1323 29.
1175 1268 1268 1321 Vel
1307 1269 1436 1321 forte
1472 1284 1532 1320 ea
1570 1269 1634 1320 de
1672 1282 1827 1319 causa
1867 1277 1974 1319 tum

88 1347 335 1411 temporis
356 1346 599 1411 descripti
618 1354 771 1411 atque
792 1346 915 1397 editi
938 1353 1089 1406 sunt,
1114 1354 1169 1396 ut
1192 1346 1383 1412 populo
1404 1347 1760 1407 ostenderent,
1782 1346 1977 1395 Danie-

89 1421 153 1472 lis
176 1422 473 1490 prophetias
494 1421 801 1489 adimpletas
821 1436 965 1485 esse,
1001 1428 1159 1487 atque
1189 1437 1310 1473 eum
1335 1422 1427 1474 hac
1446 1423 1713 1474 rationein
1735 1420 1976 1486 religione

89 1498 483 1561 confirmarent,
524 1513 589 1550 ne
610 1500 673 1551 de
698 1498 999 1550 melioribus
1016 1507 1067 1549 et
1085 1500 1256 1549 lutura
1276 1499 1444 1550 salute
1464 1501 1516 1551 in
1537 1500 1692 1549 tantis
1712 1497 1977 1549 calamita-

90 1574 233 1627 tibus
251 1576 571 1642 desperaret.
644 1575 731 1627 30.
769 1576 1226 1627 Verumenimvero
1255 1578 1490 1642 quamvis
1517 1576 1566 1627 bi
1596 1575 1714 1627 libri
1734 1573 1864 1625 adeo
1892 1589 1975 1625 re-

90 1660 263 1703 centes
284 1660 336 1703 et
356 1654 475 1705 novi
494 1652 615 1715 sint,
640 1651 833 1703 multae
854 1660 1023 1705 tamen
1045 1653 1265 1707 mendae
1287 1668 1344 1727 ex
1369 1654 1710 1715 festinatione,
1736 1653 1788 1704 ni
1809 1652 1972 1713 fallor,

19 1781 22 1800 ι
90 1728 496 1782 describentium
527 1730 577 1782 in
611 1731 823 1782 eosdem
855 1732 1191 1798 irrepserunt.
1263 1734 1322 1783 ln
1343 1731 1484 1784 hisce
1505 1732 1671 1792 euim,
1703 1730 1832 1784 utin
1856 1728 1977 1784 reli-

90 1809 239 1871 quiS,
282 1815 437 1859 notae
466 1806 804 1872 marginales,
847 1807 911 1859 de
941 1807 1135 1874 quibus
1164 1811 1216 1859 in
1246 1801 1568 1875 praecedenti
1604 1822 1718 1875 cap.
1751 1809 1974 1874 egimus,

90 1884 265 1948 plures
284 1885 442 1935 etiam
464 1886 815 1950 reperiuntur,
856 1893 908 1936 et
927 1893 1184 1950 praeterea
1205 1887 1356 1936 etiam
1387 1887 1496 1937 loca
1517 1885 1772 1951 quaedam
1787 1923 1801 1947 ,
1843 1899 1977 1950 quae

91 1960 233 2012 nulla
250 1959 353 2012 alia
374 1961 568 2012 ratione
588 1963 817 2012 excusari
839 1969 1087 2028 possunt,
1133 1971 1190 2012 ut
1208 1963 1308 2012 iam
1329 1962 1622 2014 ostendam.
1699 1962 1802 2014 Sed
1831 1965 1975 2028 prius

90 2037 219 2088 circa
249 2037 439 2088 borum
467 2038 775 2104 marginales
801 2039 1046 2089 lectiones
1076 2039 1239 2089 notari
1270 2037 1408 2099 volo,
1451 2037 1592 2103 quod
1621 2040 1666 2090 si
1685 2039 1976 2090 pharisaeis

90 2113 483 2164 concedendum
499 2152 515 2176 ,
555 2129 643 2167 eas
660 2129 825 2180 aeque
846 2116 1083 2180 antiquas
1102 2129 1240 2176 esse,
1281 2129 1340 2165 ac
1359 2116 1502 2181 ipsos
1522 2115 1706 2166 borum
1726 2114 1973 2167 librorum

91 2192 387 2256 scriptores,
408 2199 517 2241 tum
540 2193 829 2244 necessario
850 2191 1125 2244 dicendum
1146 2192 1268 2252 erit,
1293 2192 1574 2257 scriptores
1593 2193 1756 2256 ipsos,
1780 2193 1827 2241 si
1848 2191 1976 2243 forte

90 2267 267 2332 plures
287 2268 515 2330 suerunt,
538 2283 628 2320 eas
646 2282 703 2319 ea
726 2269 789 2332 de
806 2282 963 2320 eausa
984 2269 1268 2330 notavisse,
1291 2269 1411 2334 quia
1433 2270 1576 2334 ipsas
1597 2267 1970 2333 chronologias,

90 2343 226 2394 unde
258 2358 348 2396 eas
378 2344 789 2411 descripserunt,
833 2360 939 2396 non
972 2346 1097 2397 satis
1125 2353 1358 2397 accurate
1386 2346 1602 2410 scriptas
1640 2345 1972 2405 invenerunt3

88 2485 215 2587 (ΝΠ
226 2488 471 2589 ΨἾᾎΠ)
512 2504 585 2558 leg
588 2509 723 2546 atum
744 2511 951 2560 vertunt,
978 2505 1107 2550 nullo
1128 2506 1173 2550 id
1195 2506 1408 2563 exemplo
1429 2505 1655 2562 probant;
1685 2515 1792 2548 eum
1813 2508 1974 2548 eontra

88 2597 271 2634 eertum
300 2591 379 2646 sit,
398 2590 525 2644 quod
546 2591 752 2644 ludaeis
773 2592 853 2646 qui
874 2590 1031 2636 aulam
1054 2591 1356 2646 frequentare
1374 2590 1627 2645 debebant
1649 2602 1766 2634 nova
1785 2590 1974 2634 nomina

88 2648 469 2704 imponebantur.
527 2649 603 2693 Sic
624 2649 790 2694 Daniel
812 2650 1105 2705 Beltesasar,
1126 2650 1392 2696 Zerubabel
1411 2651 1641 2696 Sesbazar
1659 2658 1706 2694 et
1724 2649 1974 2694 Nebemias

90 2707 326 2752 Hatirsata
350 2707 623 2752 vocabatur.
678 2709 778 2752 vid.
800 2709 919 2756 Dan.
942 2723 1044 2766 cap.
1070 2713 1106 2751 1.
1129 2723 1171 2752 v.
1191 2711 1232 2752 ἵ.
1288 2711 1390 2754 Esr.
1413 2722 1517 2766 cap.
1540 2715 1577 2752 1.
1600 2725 1640 2754 v.
1661 2713 1700 2752 8.
1723 2721 1763 2754 e.
1784 2712 1824 2750 5.
1845 2722 1886 2752 v.
1909 2711 1972 2750 14.

88 2769 141 2810 At
162 2767 347 2812 ratione
366 2765 510 2811 officii
532 2767 725 2812 salutari
748 2768 936 2814 volebat
955 2768 1093 2820 (Gall.
1116 2782 1176 2813 on
1197 2769 1321 2813 avoit
1339 2770 1396 2812 de
1417 2767 1638 2814 coutume
1659 2769 1716 2814 de
1735 2770 1780 2813 le
1799 2767 1974 2820 saluer)

87 2841 239 2900 ηΠΒ
278 2849 573 2899 procurator
600 2859 638 2890 s.
666 2857 877 2902 praeter.
931 2845 1031 2890 Vid.
1062 2845 1257 2892 Nebem.
1289 2855 1390 2901 cap.
1411 2847 1450 2887 s.
1481 2859 1600 2890 vers.
1623 2849 1688 2887 14.
1711 2851 1758 2890 et
1783 2857 1885 2900 cap.
1908 2845 1972 2888 12.

88 2903 300 2974 versfw.
324 2927 411 2985 Sp.
430 2955 483 2962 —-
502 2929 621 2975 Gall.
644 2934 885 2988 praeterea
907 2931 1040 2976 add.:
1081 2965 1113 2988 ‚‚
1127 2931 1169 2976 n
1191 2937 1262 2977 est
1280 2929 1401 2975 donc
1421 2931 1596 2974 certain
1617 2933 1695 2987 qu·
1713 2931 1972 2986 Atirscatba

92 2995 161 3032 est
180 3002 247 3033 un
276 3003 385 3034 nom
416 3003 609 3046 propre,
640 3003 823 3036 comme
846 2991 1226 3048 Hatselelpboni‚
1260 2989 1531 3035 Hatsobeba
1554 2997 1576 3032 1
1596 2990 1765 3037 chron.
1786 2993 1828 3046 4,
1848 2993 1888 3035 3.
1910 2995 1973 3050 8.,

92 3048 347 3105 iiallogbes
368 3049 562 3094 Nebem.
587 3054 651 3110 to,
671 3053 737 3092 25.
768 3057 816 3096 et
834 3053 953 3098 ainsi
972 3053 1033 3098 du
1054 3052 1232 3097 reste-‘⁸

154 3119 385 3188 Spinoza
422 3122 513 3172 ΙΙΙ.
1481 3122 1541 3178 11
