2350 3475
945 111 1081 156 car.
1136 112 1202 157 11.
1933 109 2016 166 37

123 309 178 345 ex
195 309 246 345 v.
275 293 360 345 11.
389 307 559 358 usque
577 289 640 341 ad
659 289 747 345 20.
769 303 888 341 cum
909 303 1025 354 cap.
1049 289 1100 338 5.
1123 287 1301 339 rustici
1327 285 1541 339 Amosis
1572 303 1631 341 ex
1657 303 1705 340 v.
1728 290 1814 343 21.
1848 304 2015 355 usque

123 371 184 420 ad
209 372 302 424 24.
379 369 620 420 Conferat
647 367 832 418 deinde
859 365 1094 419 ordinem
1115 372 1166 416 et
1187 365 1411 417 rationes
1432 365 1727 433 prophetiae
1746 368 2011 429 Ieremiae,

28 436 31 469 ⁵
127 462 260 511 quas
281 460 396 512 cap.
421 446 506 496 49.
527 447 581 513 ¹)
607 446 898 495 Edomaeae
917 445 1149 510 scripsit,
1192 457 1309 493 cum
1330 443 1508 496 ordine
1527 451 1579 495 et
1596 441 1879 495 rationibus
1899 444 2013 492 Ho-

125 523 329 575 badiae.
405 522 646 573 Conferat
667 538 816 589 porro
837 522 990 573 etiam
1008 521 1194 571 Esaiae
1212 534 1325 587 cap.
1347 522 1434 573 40.
1456 536 1500 572 v.
1515 521 1599 572 19.
1619 522 1705 574 20.
1727 527 1778 571 et
1795 533 1910 586 cap.
1926 520 2011 569 44.

125 615 182 650 ex
203 616 252 651 v.
266 601 318 650 8.
345 616 466 650 cum
485 614 596 667 cap.
613 600 665 649 8.
686 614 733 649 v.
749 599 801 649 6.
823 606 874 649 et
892 612 1005 665 cap.
1022 598 1106 648 13.
1130 612 1179 649 v.
1192 598 1243 651 2.
1317 598 1540 649 Hoseae.
1610 598 1681 649 Et
1696 598 1774 647 sic
1794 596 1857 647 de
1878 603 2016 647 cete-

127 678 216 727 ris.
293 678 442 740 Quae
470 678 514 727 si
543 677 716 728 omnia
736 683 872 727 recte
891 674 1305 742 perpendantur,
1338 674 1483 726 facile
1502 674 1805 737 ostendent,
1842 675 2013 726 Deum

125 752 329 804 nullum
354 754 539 805 habere
559 752 750 820 stylum
772 752 1081 820 peculiarem
1102 751 1335 813 dicendi,
1374 750 1466 802 sed
1486 758 1685 803 tantum
1717 767 1808 819 pro
1837 750 2017 803 erudi-

126 832 263 881 tione
281 838 334 881 et
353 832 633 897 capacitate
658 829 933 897 prophetae
954 836 1168 881 eatenus
1188 842 1306 879 esse
1327 828 1609 895 elegantem
1624 869 1640 893 ,
1678 829 2015 897 compendio-

17 930 22 949 ·
126 922 272 969 sum,
301 922 540 959 severum
559 945 573 969 ,
604 908 816 968 rudem,
849 906 1102 973 prolixum
1122 912 1172 955 et
1190 903 1493 956 obscurum.

223 984 311 1037 20.
355 985 871 1050 Repraesentationes
902 982 1229 1049 propheticae
1257 988 1307 1034 et
1335 981 1736 1049 hieroglyphice,
1780 983 2016 1048 quamvis

125 1060 260 1110 idem
280 1060 662 1126 significarent,
702 1060 965 1125 variabant
985 1068 1184 1120 tamem
1228 1074 1345 1111 nam
1364 1059 1547 1110 Esaiae
1573 1059 1719 1109 aliter
1735 1060 1830 1111 Dei
1858 1060 2019 1125 gloria

125 1136 378 1203 templum
399 1137 696 1203 relinquens
718 1144 1095 1204 repraesentata
1115 1138 1231 1198 fuit,
1254 1151 1411 1202 quam
1433 1136 1681 1189 Ezechieli
1698 1137 1774 1203 ²).
1822 1135 2018 1188 Rabini

125 1221 297 1264 autem
320 1214 498 1265 volunt
515 1222 788 1280 utramque
809 1215 1327 1281 repraesentationem
1347 1214 1563 1266 eandem
1586 1228 1797 1281 prorsus
1817 1214 2015 1273 fuisse;

12 1338 16 1355 ‚
123 1299 172 1339 at
189 1290 514 1343 Ezechielem
532 1330 546 1353 ,
579 1299 636 1342 ut
664 1293 942 1357 rusticum,
976 1308 1090 1344 eam
1127 1306 1286 1357 supra
1315 1290 1526 1341 modum
1557 1292 1799 1341 miratum
1828 1290 2011 1351 fuisse,

123 1375 172 1417 et
189 1367 310 1418 ideo
332 1368 502 1433 ipsam
525 1367 769 1419 omnibus
788 1370 1189 1421 circumstantiis
1208 1368 1545 1420 enarravisse.
1616 1366 1889 1429 Attamen,
1915 1368 2016 1417 nisi

123 1445 234 1494 eius
253 1445 332 1495 rei
353 1451 542 1495 certam
563 1444 854 1497 habuerunt
881 1444 1239 1506 traditionem,
1280 1444 1420 1510 quod
1449 1444 1663 1495 minime
1691 1442 1870 1507 credo,
1906 1458 2017 1495 rem

123 1520 274 1585 plane
307 1519 532 1586 fingunt.
603 1524 736 1573 Nam
768 1523 951 1574 Esaias
982 1522 1291 1588 Seraphines
1310 1524 1453 1573 senis
1473 1520 1599 1586 aliS,
1640 1518 1872 1570 Ezechiel
1898 1534 2017 1571 vero

119 1596 318 1648 bestias
359 1601 626 1662 quaternis
663 1599 762 1650 alis
801 1598 944 1649 vidit.
1017 1600 1200 1649 Esaias
1238 1598 1363 1650 vidit
1392 1600 1561 1649 Deum
1597 1596 1839 1648 vestitum
1878 1603 1929 1648 et
1961 1598 2017 1647 in

121 1674 252 1725 solio
285 1676 430 1739 regio
457 1676 754 1737 sedentem,
795 1675 1032 1727 Ezechiel
1064 1682 1239 1727 autem
1266 1677 1431 1727 instar
1457 1675 1619 1742 ignis;
1660 1678 1879 1740 uterque
1904 1674 2018 1725 sine

3 1785 10 1802 ι
120 1751 284 1802 dubio
305 1753 478 1802 Deum
499 1753 641 1816 vidit,
663 1761 817 1820 prout
835 1754 1012 1820 ipsum
1034 1755 1303 1818 imaginari
1323 1752 1541 1805 solebat.
1612 1753 1700 1807 21.
1738 1751 2019 1803 Variabant

120 1836 389 1894 praeterea
409 1831 906 1896 repraesentationes
928 1846 1031 1882 non
1059 1829 1215 1882 modo
1243 1837 1438 1882 tantum
1457 1869 1471 1893 ,
1508 1829 1603 1882 sed
1633 1831 1785 1880 etiam
1811 1825 2019 1896 perspi-

121 1907 342 1965 cuitate;
376 1920 497 1956 nam
519 1907 1013 1973 repraesentationes
1034 1907 1302 1958 Zachariae
1322 1905 1648 1958 obscuriores
1667 1912 1833 1970 erant,
1861 1921 2018 1971 quam

119 1988 178 2032 nt
205 1981 274 2033 ab
307 1983 428 2047 ipso
459 1981 659 2048 absque
691 1983 1025 2050 explicatione
1060 1991 1277 2048 possent
1314 1984 1561 2049 intelligi,
1599 1990 1659 2034 ut
1694 1997 1753 2036 ex
1786 1984 2017 2051 ipsarum

121 2060 422 2110 narratione
451 2066 681 2119 constan
720 2060 956 2111 Danielis
982 2066 1156 2111 autem
1188 2061 1341 2112 etiam
1377 2060 1655 2127 explicatae
1680 2075 1778 2112 nec
1808 2059 1873 2111 ab
1902 2061 2018 2127 ipso

120 2137 379 2202 propbeta
411 2143 690 2202 potuerunt
717 2136 953 2203 intelligi.
1026 2136 1181 2199 Quod
1212 2136 1424 2202 quidem
1455 2151 1560 2188 non
1580 2137 1793 2202 contigit
1811 2145 2019 2203 propter

119 2214 189 2263 rei
213 2211 520 2264 revelandae
542 2212 889 2265 difficultatem
918 2212 1010 2280 (de
1041 2212 1199 2264 rebus
1227 2215 1365 2264 enim
1394 2213 1638 2264 humanis
1665 2220 1866 2266 tantum
1888 2227 2017 2278 age-

119 2289 306 2350 batur,
347 2303 483 2354 qnae
511 2290 724 2355 quidem
751 2291 943 2342 limites
979 2289 1238 2342 humanae
1275 2291 1569 2356 capacitatis
1606 2306 1710 2342 non
1745 2289 2015 2350 excedunt,

120 2368 224 2418 nisi
255 2367 384 2432 quia
416 2367 620 2419 futurae
647 2370 794 2434 sunt)
812 2406 827 2429 ,
865 2367 960 2418 sed
981 2374 1179 2418 tantum
1202 2368 1323 2432 quia
1342 2367 1577 2419 Danielis
1594 2366 1892 2434 imaginatio
1912 2379 2017 2416 non

118 2458 289 2508 aeque
319 2442 525 2494 valebat
559 2443 622 2495 ad
662 2443 1076 2510 prophetandum
1105 2443 1387 2510 vigiland0‚
1429 2457 1487 2495 ac
1516 2447 1570 2497 in
1606 2444 1834 2503 somnis;
1877 2441 2019 2508 quod

120 2521 344 2586 quidem
361 2520 486 2571 inde
504 2527 729 2587 apparet,
755 2521 896 2588 quod
916 2521 1090 2572 statim
1110 2521 1164 2571 in
1182 2521 1328 2572 initio
1346 2521 1667 2573 revelationis
1685 2521 1756 2572 ita
1774 2515 2021 2586 perterriss·

116 2606 208 2648 tus
227 2598 360 2658 fuit,
403 2602 462 2647 ut
481 2597 584 2648 iere
604 2595 668 2648 de
687 2598 800 2649 suis
827 2597 1024 2648 viribus
1055 2596 1370 2663 desperaret.
1444 2597 1618 2660 Quare
1645 2603 1853 2665 propter
1879 2597 2019 2648 ima-

118 2674 410 2742 ginationis
443 2680 494 2725 et
512 2674 698 2724 virium
717 2673 1121 2726 imbecillitatem
1133 2689 1223 2727 res
1244 2675 1343 2740 ipsi
1362 2675 1643 2727 admodum
1664 2671 1917 2726 obscurae
1935 2690 2020 2727 re-

117 2755 484 2819 praesentatae
505 2749 736 2812 fuerunt,
758 2765 927 2816 neque
949 2765 1036 2802 eas
1056 2752 1213 2803 etiam
1232 2751 1506 2818 explicatas
1525 2751 1808 2817 intelligere
1829 2753 2015 2817 potuit.

117 2830 208 2882 22.
231 2827 306 2878 Et
322 2826 408 2876 hic
425 2826 712 2878 notandum
732 2827 884 2879 verba
902 2842 931 2880 a
951 2828 1165 2880 Daniele
1184 2829 1361 2882 audita
1380 2829 1641 2897 (utsupra
1660 2829 2017 2896 ostendimus)

225 3015 274 3065 1)
311 3013 365 3054 v.
386 3015 548 3053 7—22.

223 3076 276 3125 2)
314 3072 414 3117 Vid.
435 3071 532 3117 Jes.
555 3084 661 3128 cap.
679 3074 718 3116 6.
743 3079 789 3117 et
805 3073 975 3118 Ezech.
998 3086 1099 3130 cap.
1123 3077 1159 3116 ι.
