2350 3475
356 85 394 143 8
757 86 1150 133 ΤΒΔΟΤΔΤΗΒ
1188 83 1587 131 Tussonoelco
1598 86 1843 131 -Ponfln

355 264 561 327 haberi,
601 264 956 316 credulitatem
987 262 1142 315 fldem
1179 264 1471 326 aestimari,
1508 269 1563 315 et
1598 263 1969 315 controversiae
2004 261 2245 329 philoso-

360 340 581 409 phorum
613 342 668 392 in
689 341 903 392 ecclesia
927 342 1052 393 etin
1073 341 1219 398 curia
1236 341 1463 395 summis
1481 341 1773 391 animorum
1792 337 2019 391 motibus
2038 340 2238 405 agitari,

359 427 516 487 atque
545 417 664 469 inde
696 418 996 469 saevissima
1023 417 1142 469 odia
1169 432 1233 469 ac
1260 417 1507 480 dissidia,
1546 416 1743 483 quibus
1762 416 1999 469 homines
2018 414 2169 471 facile
2190 417 2241 467 iu

360 495 642 547 seditiones
680 500 976 558 vertuntur,
1026 494 1353 561 plurimaque
1387 492 1514 557 alia,
1552 508 1687 559 quae
1720 492 1806 545 hic
1842 507 2047 545 narrare
2084 494 2242 544 nimis

356 573 568 637 longum
603 571 760 633 soret,
799 571 920 622 oriri
955 570 1438 623 animadverterem:
1488 571 1671 624 sedulo
1700 571 1885 633 statui,
1923 570 2243 637 scripturam

363 650 428 701 de
447 662 577 700 novo
595 647 797 713 integro
815 655 866 699 et
885 646 1046 700 libero
1065 648 1238 699 animo
1260 649 1565 710 examinare,
1604 654 1655 699 et
1674 646 1803 699 nihii
1820 645 1886 698 de
1904 646 2085 698 eadem
2102 646 2244 698 affir-

360 739 498 775 mare
519 723 752 789 nihilque
771 731 1020 790 tanquam
1039 724 1154 777 eius
1170 723 1457 779 doctrinam
1478 723 1777 787 admittere,
1816 723 1957 789 quod
1976 722 2044 775 ab
2060 724 2245 775 eadem

357 801 639 852 clarissime
659 815 764 851 non
784 801 1044 855 edocerer.
1111 802 1199 857 21.
1220 804 1333 855 Hac
1350 802 1507 867 igitur
1522 802 1760 855 cautione
1780 799 2081 853 methodum
2100 814 2247 851 sacra

358 877 618 929 volumina
638 878 1008 946 interpretandi
1029 880 1351 942 concinnavi,
1372 887 1427 931 et
1444 877 1541 930 hac
1558 880 1843 931 instructus
1862 891 2113 944 quaerere
2124 884 2247 928 ante

359 955 534 1005 omnia
567 956 769 1021 incepi,
809 955 942 1021 quid
973 960 1110 1006 esset
1135 958 1450 1023 prophetia,
1486 960 1543 1006 et
1574 971 1683 1021 qua
1717 957 1929 1007 ratione
1954 954 2248 1007 Dentre-se

351 1033 626 1099 prophetis
648 1031 992 1093 revelaverit,
1029 1039 1084 1085 et
1109 1046 1206 1083 cur
1222 1032 1277 1085 hi
1294 1034 1403 1085 Deo
1423 1033 1615 1098 accepti
1636 1031 1858 1091 fuerint:
1898 1046 2029 1083 num
2046 1030 2250 1083 seilicet

359 1115 628 1175 propterea
656 1108 796 1174 quod
825 1108 890 1161 de
909 1111 1020 1161 neo
1047 1116 1098 1160 et
1115 1115 1297 1161 natura
1316 1108 1573 1164 sublimes
1591 1108 1868 1161 habuerint
1884 1108 2243 1174 cogitationes,

359 1200 424 1237 an
446 1200 562 1237 vero
580 1192 790 1252 propter
807 1186 971 1237 solam
989 1182 1274 1252 pietatem?
1340 1188 1626 1253 Postquam
1647 1185 1773 1237 haec
1790 1186 1937 1248 novi,
1977 1184 2124 1237 facile
2141 1183 2247 1236 de-

360 1261 635 1313 terminare
665 1262 838 1329 potui,
879 1262 1245 1330 prophetarum
1274 1265 1626 1316 auctoritatem
1657 1265 1709 1314 in
1728 1263 1797 1313 iis
1818 1269 2018 1313 tantum
2033 1260 2248 1327 pondus

359 1337 576 1401 habere,
615 1353 749 1405 quae
785 1353 942 1409 usum
981 1341 1113 1392 vitae
1151 1347 1203 1391 et
1236 1354 1405 1393 veram
1442 1344 1683 1393 virtutem
1718 1344 1978 1406 spectant3
2013 1344 2248 1390 ceterum

361 1430 540 1467 eorum
567 1415 838 1482 opiniones
868 1430 966 1467 nos
993 1431 1179 1483 parurn
1200 1422 1425 1482 tangere.
1496 1419 1585 1471 22.
1655 1418 1757 1467 His
1774 1416 1995 1481 cognitis
2008 1416 2248 1481 quaesivi

361 1492 576 1555 deinde,
615 1491 745 1557 quid
781 1492 834 1543 id
872 1491 1031 1544 fuerit
1056 1498 1283 1559 propter
1311 1493 1460 1559 quod
1482 1494 1716 1544 Hebraei
1738 1494 1846 1543 Dei
1878 1492 2033 1544 electi
2066 1494 2252 1542 vocati

344 1570 584 1635 fuer-int.
655 1569 836 1631 Quum
873 1575 1046 1621 autern
1081 1569 1328 1621 vidissem
1366 1569 1463 1621 hoc
1504 1569 1631 1621 nihil
1664 1569 1807 1620 aliud
1844 1569 2038 1632 fuisse,
2082 1582 2250 1634 quam

326 1645 503 1711 quod
522 1645 666 1696 Deus
683 1644 816 1711 ipsis
835 1652 1022 1697 certam
1043 1645 1227 1697 mundi
1244 1644 1447 1711 plagam
1466 1645 1702 1711 elegerit,
1724 1644 1817 1699 ubi
1834 1658 2012 1699 secure
2030 1651 2081 1697 et
2094 1660 2251 1697 com-
2334 1672 2336 1675 <

362 1722 516 1774 mode
536 1722 704 1774 vivere
720 1729 966 1789 possent;
1005 1722 1128 1774 hinc
1143 1720 1301 1774 didici
1322 1722 1467 1788 leges
1480 1722 1621 1774 Moci
1637 1739 1673 1774 a
1690 1724 1807 1776 Deo
1823 1722 2085 1776 revelatas
2112 1721 2249 1774 nihil

363 1799 507 1851 aliud
525 1799 707 1862 fuisse,
729 1813 886 1864 quam
904 1799 1016 1851 iura
1036 1798 1314 1866 singularis
1333 1799 1687 1852 Hebraeorum
1706 1801 1927 1869 imperii,
1948 1814 2009 1852 ac
2024 1800 2249 1866 proinde

363 1877 574 1928 easdem
611 1881 812 1942 praeter
849 1875 946 1927 hos
981 1878 1241 1928 neminem
1282 1877 1507 1944 recipere
1544 1877 1825 1940 debuiss03
1872 1878 1978 1929 imo
1998 1890 2113 1928 nec
2150 1877 2250 1928 hos

363 1955 516 2005 etiam
544 1953 647 2004 nisi
673 1958 844 2004 stante
874 1952 1110 2018 ipsorum
1141 1953 1361 2020 imperio
1388 1953 1575 2005 iisdem
1611 1955 1793 2006 teneri.
1861 1956 1949 2006 23.
1988 1955 2149 2006 P'oero
2188 1962 2252 2005 ut

361 2029 576 2093 scirem,
611 2044 739 2082 num
760 2044 819 2082 ex
836 2030 1095 2096 Scriptura
1114 2029 1357 2081 concludi
1374 2037 1582 2097 posset,
1622 2031 1908 2083 humanum
1926 2030 2249 2083 intellectum

365 2114 550 2159 natura
577 2112 878 2173 corruptum
906 2120 1053 2167 esse,
1093 2107 1352 2172 inquirere
1382 2107 1545 2172 volui,
1586 2123 1712 2160 num
1748 2109 1944 2172 relig-io
1978 2109 2248 2158 catholiea

363 2184 470 2236 sive
491 2183 582 2234 lex
597 2183 779 2234 divina
808 2198 899 2250 per
917 2182 1195 2249 prophetas
1214 2191 1268 2235 et
1286 2183 1548 2250 apostolos
1566 2186 1807 2236 universo
1824 2184 2053 2236 humano
2070 2186 2251 2250 generi

363 2260 581 2314 revelata
599 2259 698 2312 alia
714 2259 894 2323 fuerit,
935 2274 1090 2326 quam
1109 2260 1221 2323 illa,
1262 2275 1419 2327 quam
1439 2262 1591 2312 etiam
1610 2261 1788 2312 lumen
1810 2261 2043 2312 naturaie
2064 2259 2245 2319 docet;

364 2345 417 2390 et
443 2336 634 2389 deinde
664 2351 792 2388 num
819 2336 1082 2390 miracula
1107 2343 1283 2389 contra
1312 2346 1524 2390 naturae
1552 2337 1789 2390 ordInem
1824 2338 2155 2403 contigerint,
2196 2344 2252 2388 et

364 2428 492 2468 num
519 2415 614 2466 Dei
651 2414 967 2466 existentiam
999 2421 1051 2465 et
1079 2415 1452 2480 providentiam
1478 2415 1669 2466 certius
1694 2421 1749 2466 et
1780 2413 1971 2465 clarius
2006 2411 2246 2475 doceant,

366 2505 524 2558 quam
539 2505 624 2544 res
636 2530 652 2554 ,
682 2505 816 2556 quas
843 2490 978 2542 clare
994 2497 1048 2544 et
1066 2490 1305 2544 distincte
1332 2506 1423 2558 per
1440 2491 1635 2558 primas
1652 2504 1781 2542 suas
1798 2504 1983 2542 causas
2001 2489 2251 2554 intelligi-

367 2582 506 2620 mus·
577 2570 666 2622 24.
705 2567 812 2618 Sed
829 2577 991 2632 quum
1012 2568 1180 2630 iniis,
1211 2583 1347 2634 quae
1364 2568 1625 2634 Scriptura
1644 2581 1881 2633 expresse
1900 2566 2077 2629 docet,
2114 2565 2249 2620 nihil

367 2643 673 2711 reperissem
689 2681 704 2706 ,
746 2643 886 2709 quod
905 2658 1024 2696 cum
1044 2645 1305 2698 intellectu
1326 2659 1430 2696 non
1450 2644 1753 2705 conveniret,
1794 2657 1891 2695 nec
1912 2643 2053 2710 quod
2076 2644 2249 2696 eidem

367 2726 700 2786 repugnaret,
741 2727 791 2770 et
815 2728 1076 2787 praeterea
1107 2723 1335 2774 viderem
1366 2721 1641 2788 prophetas
1672 2719 1801 2770 nihii
1830 2720 2102 2783 docuisse,
2143 2721 2251 2771 nisi

367 2812 449 2850 res
477 2794 758 2847 admodum
788 2798 1082 2864 simplices,
1121 2813 1255 2864 quae
1282 2797 1347 2849 ab
1374 2810 1691 2863 unoquoque
1722 2796 1870 2849 facile
1908 2797 2099 2864 percipi
2128 2805 2253 2864 pot-

369 2881 538 2939 erant,
576 2880 730 2938 atque
759 2873 856 2926 has
883 2889 946 2926 eo
964 2874 1097 2940 stylo
1117 2874 1447 2927 adornavisee
1464 2875 1635 2940 iisque
1652 2873 1943 2926 rationibus
1960 2873 2251 2926 confirma-

367 2954 530 3014 visse,
571 2948 763 3016 quibus
793 2952 1010 3005 maxime
1038 2950 1390 3004 multitudinis
1427 2952 1631 3004 animus
1669 2952 1734 3003 ad
1771 2951 2093 3004 devotionem
2128 2965 2253 3016 erga

367 3029 534 3082 Deum
554 3028 742 3084 moveri
759 3035 962 3098 possen
985 3027 1196 3083 omniuo
1215 3027 1342 3083 mihi
1361 3029 1617 3098 persuasi,
1637 3029 1970 3100 Seripho-m
1986 3030 2255 3081 urionem
