2350 3475
827 137 1208 185 ΡιιΔΕιι-ΔΤιο.
1922 133 1963 191 5

74 318 428 370 efficacissimo
447 318 630 369 oritur.
703 317 758 369 8.
780 316 949 380 Quem
968 315 1143 381 itaque
1162 312 1313 365 facile
1331 315 1417 377 sit,
1440 321 1499 367 ut
1517 313 1759 367 homiues
1778 316 1962 381 quovis

75 396 464 461 superstitionis
484 409 669 461 genere
689 395 972 461 capiantur,
1011 400 1116 448 tum
1137 390 1342 444 difficile
1359 399 1533 445 contra
1552 399 1633 445 est
1650 390 1865 451 efficere,
1902 399 1965 443 ιιι

22 456 24 475 '
75 475 122 523 tn
153 486 260 525 uno
292 472 588 538 eodemque
616 478 878 537 perstent5
910 472 1016 521 imo
1047 469 1172 537 quia
1188 468 1375 535 vulgus
1394 484 1599 537 semper
1618 483 1782 537 aeque
1800 468 1963 521 mise-

77 566 186 601 rum
215 557 420 615 manet,
457 548 574 601 ideo
603 562 864 613 nusquam
893 547 982 599 diu
1009 546 1319 613 acquiescit,
1360 547 1453 600 sed
1480 546 1535 597 id
1567 553 1765 604 tantu-m
1794 544 1961 599 eidem

78 629 288 679 maxime
318 628 516 694 placet,
555 624 694 692 quod
723 638 912 677 novum
944 632 1023 675 est
1052 622 1297 690 quodque
1327 622 1557 674 nondum
1578 624 1791 687 fefellit,
1829 637 1963 689 quae

81 704 282 769 quidem
312 703 664 755 inconstantia·
688 700 970 755 multorum
1000 698 1321 751 tumultuum
1348 708 1401 752 et
1428 699 1685 754 bellorum
1715 700 1965 754 atrocium

21 770 28 793 ’
80 796 225 834 causa
251 782 374 833 fuit.
446 782 580 833 Nam
595 820 610 843 ,
649 785 707 830 ιιι
735 794 795 831 ex
813 778 968 830 modo
989 778 1141 835 dictis
1161 782 1303 844 patet
1322 782 1373 828 et
1388 778 1601 831 Curtius
1620 779 1775 832 etiam
1793 776 1887 829 lib.
1910 780 1963 829 4.

83 873 186 924 esp.
228 859 314 912 10.
369 858 563 925 optime
607 856 837 918 notavit,
891 854 1029 909 nihil
1063 856 1331 921 efficacius
1364 855 1757 907 multitudinem
1798 858 1961 921 regit,

83 952 232 1000 quam
249 936 582 1001 superstitio.
656 935 806 986 Unde
825 931 908 996 fit,
951 940 1008 985 ut
1027 931 1172 983 facile
1192 933 1365 999 specie
1385 932 1651 1000 religionis
1667 930 1965 993 inducetur,

81 1027 210 1063 nunc
227 1008 383 1077 reges
401 1026 530 1064 snos
551 1018 796 1077 tanquam
817 1010 944 1061 deos
961 1009 1173 1061 adorare
1190 1048 1204 1073 ,
1242 1017 1295 1062 et
1311 1024 1493 1061 rursus
1514 1009 1726 1061 eosdem
1746 1010 1966 1061 execrari

82 1104 133 1139 ac
149 1096 402 1155 tanquam
421 1102 752 1141 communem
773 1087 977 1153 generis
994 1086 1211 1139 humani
1228 1095 1429 1155 pestem
1450 1086 1712 1139 detestari.
1778 1086 1830 1137 9.
1850 1088 1967 1139 Hoc

83 1180 191 1231 ergo
218 1166 420 1217 malum
451 1172 508 1217 ut
534 1164 805 1228 vitaretur,
844 1164 1028 1230 ingens
1047 1163 1280 1215 studium
1300 1162 1587 1215 adhibitum
1608 1169 1717 1227 est,
1756 1163 1821 1215 ad
1842 1163 1967 1215 reli-

83 1243 277 1307 gionem
307 1256 482 1294 veram
510 1248 601 1293 aut
625 1256 805 1294 vanem
837 1240 982 1293 cultu
1012 1246 1064 1292 et
1087 1248 1335 1308 apparatu
1372 1242 1441 1291 itu
1478 1239 1866 1319 adornandum,
1908 1247 1967 1291 ut

21 1320 28 1342 ¹
81 1321 214 1370 omni
242 1326 508 1372 momento
534 1320 730 1385 gravior
745 1317 1021 1370 haberetur
1035 1332 1349 1383 summaque
1367 1300 1691 1369 obseruantia
1708 1316 1776 1367 ab
1795 1318 1967 1371 omni-

22 1428 25 1447 ε
82 1395 176 1447 bus
196 1410 404 1461 semper
421 1396 701 1457 coleretur3
743 1395 885 1460 quod
906 1394 1118 1461 quidem
1137 1395 1320 1445 Turcis
1342 1392 1639 1444 felicissime
1658 1396 1842 1457 cessit,
1876 1394 1966 1459 qui

22 1512 24 1517 .
81 1473 230 1523 etiam
245 1473 516 1539 disputare
535 1472 680 1524 nefas
701 1470 912 1534 babent,
938 1478 990 1523 et
1007 1470 1260 1523 iudicium
1280 1470 1701 1537 uniuscuiusque
1720 1476 1794 1522 tot
1816 1483 1967 1537 prae-

83 1548 280 1599 iudiciis
310 1556 596 1615 occupant,
633 1556 695 1601 ut
719 1548 923 1602 nullum
952 1549 1006 1600 in
1036 1554 1208 1600 mente
1235 1547 1408 1601 locum
1437 1562 1595 1601 sanae
1612 1546 1797 1601 rationi
1814 1561 1881 1600 ne
1899 1545 1966 1597 ad

83 1625 424 1677 dubitandum
443 1627 655 1693 quidem
674 1626 989 1693 relinquant.
1888 1642 1893 1653 ·

179 1705 263 1757 10.
303 1704 500 1756 Verum
529 1703 788 1756 enimvero
820 1702 868 1754 si
887 1702 1154 1768 regiminis
1173 1702 1485 1756 monarchici
1502 1715 1771 1758 summum
1790 1702 1861 1754 sit
1878 1716 1965 1754 ar·—

21 1793 28 1808 ⁵
83 1794 260 1832 cauum
281 1781 504 1846 eiusque
523 1783 734 1832 omnino
753 1781 976 1842 intersit,
1014 1778 1253 1833 homines
1273 1780 1517 1848 deceptos
1534 1778 1745 1842 babere,
1784 1787 1835 1833 et
1852 1795 1969 1832 me·-

85 1863 188 1908 ιιιιιι
201 1897 215 1918 ,
255 1873 368 1924 qno
385 1858 591 1909 retineri
613 1857 820 1922 debent,
857 1855 1097 1927 specioso
1116 1856 1383 1923 religionis
1403 1857 1616 1910 nomine
1635 1856 1964 1920 adumbrare,

22 1975 24 1990 fi
85 1941 137 1985 ut
151 1949 242 2002 pro
261 1936 470 1987 servitio
492 1940 738 2000 tanquam
755 1949 850 2000 pro
867 1935 1036 1988 salute
1055 1941 1315 2000 pugnent,
1354 1941 1406 1986 et
1427 1949 1493 1986 ne
1512 1942 1660 2002 turpe
1675 1973 1691 1998 ,
1728 1935 1822 1989 sed
1851 1949 1967 1988 me-

84 2012 266 2062 ximum
299 2012 463 2062 decus
494 2024 611 2062 esse
637 2018 848 2077 putent,
887 2012 941 2064 in
969 2014 1129 2064 unius
1159 2011 1385 2064 bominis
1402 2012 1727 2066 iactationem
1748 2013 1967 2078 sangui-

83 2102 190 2139 nem
219 2090 560 2153 animamque
586 2087 912 2154 impenderes
954 2088 1082 2141 nibil
1111 2095 1288 2142 contra
1318 2090 1371 2140 in
1402 2088 1564 2142 libere
1593 2088 1857 2156 republica
1877 2105 1967 2142 ex-

85 2167 319 2231 cogitari,
361 2179 460 2216 nec
492 2164 752 2217 infelicius
782 2168 964 2218 tentari
1001 2173 1199 2234 potest3
1241 2165 1667 2233 quandoquidem
1702 2168 1968 2220 communi

22 2285 26 2296 .
87 2241 300 2294 libertati
317 2241 534 2294 omnino
552 2249 804 2310 repugnet
815 2283 832 2306 ,
870 2242 1094 2296 liberum
1110 2244 1529 2310 uniuscuiusque
1548 2244 1797 2296 iudicium
1814 2258 1967 2310 prue-

85 2320 280 2372 iudiciis
301 2334 556 2388 occupare
575 2320 654 2371 vel
672 2320 846 2386 aliquo
864 2320 1020 2374 modo
1039 2325 1291 2373 coercere.
1367 2321 1451 2374 11.
1490 2321 1558 2372 Et
1576 2319 1716 2387 quod
1736 2313 1803 2372 ad
1824 2318 1967 2371 sedi-

21 2425 28 2451 ε
87 2398 240 2450 tiones
262 2397 465 2460 attinet,
487 2411 620 2462 quae
637 2397 810 2462 specie
829 2397 1092 2462 religionis
1113 2399 1452 2459 concitentur,
1492 2411 1583 2450 eae
1600 2395 1827 2463 profecto
1844 2396 1965 2448 inde

22 2469 24 2530 [
85 2480 278 2526 tautum
305 2475 546 2526 oriuntur
560 2511 575 2537 ,
613 2474 757 2540 quod
775 2473 916 2540 leges
934 2474 1000 2526 de
1019 2473 1178 2526 rebus
1199 2474 1529 2540 speculativis
1550 2474 1871 2536 conduntur,
1912 2479 1965 2524 et

73 2551 216 2616 quod
234 2551 512 2618 opiniones
529 2557 778 2617 tanquam
797 2550 990 2604 scelera
1009 2565 1102 2617 pro
1121 2551 1334 2605 crimine
1354 2551 1607 2604 habentur
1622 2565 1684 2602 uc
1702 2549 1963 2603 damnan-

25 2681 32 2692 ,
88 2634 164 2678 tur
176 2667 192 2689 ,
230 2643 456 2694 quarum
486 2626 784 2680 defensores
805 2635 856 2679 et
873 2627 1102 2680 asseclae
1121 2643 1227 2680 non
1246 2626 1487 2694 publicae
1506 2627 1691 2690 saluti,
1728 2626 1824 2680 sed
1842 2627 1960 2680 odio

89 2717 142 2754 nc
158 2705 399 2756 saevitiae
419 2705 828 2757 adversariorum
847 2711 1048 2764 tuntum
1079 2704 1434 2759 immolantur.
1505 2704 1660 2768 Quod
1688 2705 1736 2756 si
1764 2719 1822 2758 ex
1850 2706 1965 2759 iure

22 2781 25 2788 ’
88 2782 277 2848 imperii
295 2797 403 2834 non
422 2782 525 2834 nisi
536 2783 704 2848 sacta
722 2787 1096 2848 arguerentur,
1126 2787 1183 2833 et
1198 2782 1343 2834 dieta
1362 2784 1572 2848 impune
1590 2787 1762 2834 essent
1773 2821 1789 2846 ,
1821 2782 1965 2834 nulla

90 2858 206 2910 iuris
235 2860 409 2926 speeie
437 2859 636 2911 similes
667 2859 948 2912 seditiones
972 2859 1141 2913 ornari
1169 2866 1389 2926 possent
1404 2873 1498 2910 nec
1516 2859 1963 2912 controversiae-in

22 2961 25 3012 ξ
89 2935 362 2989 seditiones
379 2943 716 2989 verterentur.
791 2937 874 2989 12.
907 2937 1083 2999 Quum
1103 2937 1281 3002 itaque
1300 2935 1453 2988 nobis
1473 2934 1599 2990 haec
1618 2949 1729 2988 rnre
1746 2935 1963 2988 felicitas

22 3017 24 3086 j
93 3014 348 3078 contigerit
368 3050 382 3075 ,
440 3022 497 3064 ut
531 3014 584 3064 in
623 3012 885 3079 republica
923 3014 1156 3066 vivamus
1175 3052 1191 3075 ,
1252 3013 1343 3066 ubi
1380 3013 1663 3078 uuicuique
1700 3010 1964 3064 iudicandi

95 3087 289 3143 libertas
307 3091 507 3158 integra
525 3098 577 3142 et
594 3091 764 3143 Deum
793 3103 855 3144 ex
875 3101 978 3144 suo
997 3090 1207 3158 ingenio
1236 3091 1401 3144 colere
1430 3083 1753 3155 conceditur,
1794 3095 1845 3143 et
1872 3086 1962 3140 ubi
