2350 3475
885 139 1024 186 car.
1075 137 1213 186 ιη.
1868 119 1995 196 213

101 333 292 372 aarum
327 323 431 379 est3
469 324 524 371 et
557 316 704 370 solus
739 315 827 369 ille
861 315 1026 382 liber,
1065 319 1156 385 qui
1187 318 1388 384 integro
1413 315 1587 369 animo
1614 329 1674 368 ex
1700 313 1811 367 solo
1840 313 2001 368 ductu

102 396 326 449 rationis
344 395 482 448 vivit.
555 394 644 448 ³3.
679 395 834 447 Actio
851 401 1024 447 autem
1051 409 1111 447 ex
1142 396 1413 458 mandato,
1451 393 1551 445 hoc
1577 397 1657 444 est
1682 391 1997 455 obedientia,

104 473 406 526 libertatem
435 471 646 540 quidem
673 471 848 539 aliquo
877 472 1033 524 modo
1055 473 1213 533 tollit:
1254 478 1307 524 at
1324 486 1431 523 non
1458 470 1596 522 illico
1622 483 1829 522 servum
1858 469 1998 532 facit,

106 551 206 602 sed
242 551 461 603 actionis
495 550 647 601 ratio.
718 550 776 601 Si
811 549 930 602 finis
953 549 1172 602 actionis
1202 563 1307 600 non
1335 556 1416 600 est
1445 549 1611 614 ipsius
1638 547 1867 614 agentis,
1908 544 2003 597 sed

104 628 414 694 imperantis
444 627 667 688 utilitas,
707 632 818 678 tum
845 639 1002 691 agens
1023 641 1207 678 aarum
1226 633 1307 678 est
1324 633 1377 678 et
1392 624 1495 677 sibi
1512 625 1734 677 inutilis.
1808 624 1896 676 34.
1932 621 2005 674 At

105 704 160 755 in
189 701 460 770 republica
489 709 538 754 et
565 704 808 771 imperio,
847 703 940 755 ubi
960 703 1104 754 salus
1123 704 1285 754 totius
1305 701 1513 770 populi,
1552 715 1658 753 non
1678 701 2002 769 imperantis,

105 794 324 832 summa
359 781 439 834 lex
474 787 582 842 est,
622 781 712 846 qui
739 781 793 831 in
823 779 1072 832 omnibus
1109 794 1347 831 summae
1383 781 1625 846 potestati
1661 777 2003 846 obtemperat,

105 871 216 908 non
255 855 364 908 sibi
395 856 600 908 inutilis
635 871 843 920 servus,
901 856 994 908 sed
1039 857 1284 908 subditus
1318 856 1592 909 dicendus.
1663 856 1732 906 Et
1768 854 1883 907 ideo
1920 854 2008 906 illa
2106 883 2111 894 ·

108 931 411 999 respublica
447 935 662 985 maxime
697 933 858 985 libera
887 939 996 998 est,
1035 934 1185 984 cuius
1213 933 1357 1000 leges
1384 947 1510 986 sana
1540 933 1738 985 ratione
1765 931 2007 984 fundatae

107 1016 262 1070 sunt3
310 1009 386 1062 ibi
421 1011 560 1063 enim
595 1012 996 1078 unusquisqne,
1035 1009 1128 1061 ubi
1165 1010 1315 1074 velit,
1353 1011 1489 1061 liber
1522 1025 1639 1062 esse
1674 1015 1873 1076 potest,
1911 1008 2009 1060 boc

110 1094 212 1148 est,
242 1087 446 1153 integro
465 1089 636 1141 animo
656 1103 714 1140 ex
733 1087 893 1140 ductu
913 1088 1126 1140 rationis
1144 1088 1309 1139 vivere
1318 1088 1392 1151 *).
1443 1089 1530 1139 35.
1560 1087 1645 1138 Sic
1664 1087 1819 1137 etiam
1839 1084 2004 1147 liberi,

111 1165 325 1215 tametsi
345 1164 592 1218 omnibus
612 1171 883 1232 parentum
903 1165 1162 1218 mandatis
1184 1163 1393 1216 obedire
1412 1170 1678 1225 tenentur,
1712 1169 2009 1214 nontamen

111 1241 250 1293 servi
281 1248 434 1303 sunt:
473 1255 594 1292 nam
624 1248 898 1308 parentum
927 1242 1168 1294 mandata
1188 1240 1471 1293 liberorum
1492 1240 1768 1292 utilitatem
1788 1242 2010 1290 maxime

111 1325 374 1384 spectant.
419 1320 662 1384 Magnam
683 1334 802 1386 ergo
826 1317 1165 1371 differentiam
1186 1321 1319 1370 inter
1336 1331 1568 1380 servum,
1608 1315 1771 1368 filium
1803 1321 1854 1366 et
1880 1313 2012 1366 sub-

112 1395 286 1446 ditum
307 1398 662 1460 agnoscimus·
710 1397 816 1459 Qui
838 1403 1110 1463 propterea
1129 1397 1205 1448 sic
1224 1394 1559 1456 definiuntur,
1586 1406 1801 1459 nempe:
1830 1405 2012 1442 cervus

113 1479 224 1532 est,
273 1471 368 1536 qui
404 1471 664 1524 mandatis
701 1471 928 1535 domini,
989 1486 1122 1538 quae
1157 1473 1433 1524 utilitatem
1472 1471 1774 1539 imperantis
1810 1474 2011 1521 tantum

115 1555 385 1616 spectant,
426 1547 782 1615 obtemperare
819 1555 1048 1610 tenetur;
1079 1549 1241 1615 filius
1266 1556 1472 1610 autem,
1510 1549 1602 1614 qui
1637 1547 1693 1598 id
1734 1546 1871 1613 quod
1910 1545 2013 1597 sibi

117 1627 246 1677 utile
265 1632 347 1678 est
365 1639 423 1677 ex
443 1625 685 1677 mandato
704 1626 934 1693 parentis
955 1627 1084 1691 agiu
1123 1627 1366 1677 subditus
1385 1625 1609 1691 denique
1622 1663 1637 1688 ,
1676 1625 1767 1692 qui
1791 1623 1845 1674 id
1873 1620 2013 1688 quod

115 1695 414 1765 communi,
461 1710 513 1755 et
551 1708 928 1769 consequenter
965 1716 1174 1769 quoque
1211 1703 1315 1755 sibi
1354 1702 1481 1755 utile
1519 1708 1627 1767 est,
1676 1715 1737 1754 ex
1772 1699 2015 1753 mandato

117 1793 360 1832 summae
390 1781 660 1847 potestatis
689 1781 811 1846 agit.
886 1782 969 1832 36.
1009 1782 1183 1847 Atque
1212 1781 1295 1833 his
1320 1782 1520 1847 imperii
1548 1779 1876 1832 democratici
1895 1777 2018 1829 iun-

117 1858 364 1909 damenta
391 1859 518 1909 satis
549 1857 682 1909 clare
709 1856 1001 1909 ostendisse
1029 1866 1185 1924 puto;
1227 1858 1291 1909 de
1322 1872 1427 1923 quo
1458 1872 1579 1925 prae
1604 1856 1849 1909 omnibus
1869 1868 2018 1920 agere

119 1934 310 1995 malui,
351 1934 475 1999 quia
502 1935 722 1986 maxime
751 1934 987 1985 naturale
1015 1934 1290 1986 videbatur
1312 1944 1365 1986 et
1382 1936 1601 1987 maxime
1620 1935 1683 1986 ad
1707 1933 2015 1991 libertatem,

30 2020 32 2033 ³
121 2024 284 2075 quam
306 2017 488 2061 natura
509 2011 798 2076 unicuique
814 2010 1078 2072 concedit,
1118 2012 1383 2063 accedere.
1452 2014 1583 2063 Nam
1605 2012 1658 2062 in
1680 2026 1741 2063 eo
1761 2024 1915 2062 nemo
1934 2009 2017 2059 ius

119 2102 277 2139 suum
309 2087 542 2139 naturale
573 2089 642 2139 ita
669 2088 722 2139 in
753 2087 970 2139 alterum
1003 2086 1275 2148 transfert,
1317 2087 1529 2139 utnulla
1551 2086 1654 2139 sibi
1672 2088 1724 2138 in
1755 2092 2016 2153 posterum

120 2163 435 2216 consultatio
454 2164 548 2229 sit,
589 2164 682 2215 sed
704 2165 754 2215 in
778 2165 1022 2215 maiorem
1042 2165 1202 2215 totius
1220 2165 1481 2215 societatis
1501 2172 1695 2231 partem
1710 2202 1723 2225 ‚
1762 2163 1914 2213 cuius
1932 2160 2019 2212 ille

121 2256 281 2292 unam
313 2240 461 2300 facit3
503 2248 658 2307 atque
688 2241 783 2293 bac
813 2242 1014 2293 ratione
1039 2254 1223 2291 omnes
1253 2247 1491 2302 manent,
1530 2249 1590 2293 ut
1614 2248 1761 2293 antea
1787 2240 1841 2289 in
1881 2244 2018 2288 statu

121 2316 376 2378 naturali,
416 2318 677 2384 aequales.
751 2317 837 2370 37.
875 2318 1076 2369 Deinde
1106 2318 1171 2369 de
1200 2317 1297 2369 hoc
1326 2317 1437 2369 solo
1464 2318 1679 2387 imperio
1707 2330 1767 2367 cx
1784 2314 2019 2380 professo

122 2408 272 2469 agere
289 2393 450 2457 volui,
485 2395 606 2461 quia
624 2393 692 2445 ad
707 2409 884 2446 meum
909 2395 1170 2446 intentum
1192 2396 1409 2447 maxime
1430 2394 1569 2455 facit,
1606 2393 1783 2460 quide
1805 2392 2019 2443 utilitate

123 2472 379 2523 libertatis
400 2472 451 2523 in
472 2470 737 2538 republica
765 2486 914 2539 agere
941 2473 1331 2525 constitueram.
1403 2470 1743 2538 Reliqnarum
1772 2483 1892 2533 ergo
1921 2482 2021 2534 po-

125 2556 376 2601 testatum
429 2542 782 2602 fundamentis
829 2548 1172 2616 supersedeo,
1238 2562 1334 2600 nec
1375 2547 1555 2611 nobis,
1611 2554 1672 2599 ut
1712 2561 1891 2599 earum
1936 2546 2020 2595 ius

228 2736 272 2787 ⁶)
303 2734 359 2779 In
388 2746 688 2794 quacumque
714 2736 901 2782 civitate
927 2736 1068 2781 bomo
1095 2736 1181 2791 sit,
1218 2734 1340 2779 liber
1375 2746 1482 2779 esse
1516 2738 1686 2791 potest.
1738 2731 1859 2777 Nam
1896 2734 2022 2776 certe

127 2794 272 2839 bomo
297 2800 492 2840 eatenus
513 2794 635 2841 liber
652 2808 757 2841 esse
776 2801 953 2852 potest,
983 2802 1215 2853 quatenus
1234 2795 1414 2839 ratione
1434 2794 1634 2838 ducitur.
1678 2792 1736 2837 At
1754 2790 1865 2840 (NB.
1886 2788 2023 2835 aliter

127 2854 428 2907 Eobbesius)
463 2856 582 2900 ratio
619 2867 786 2911 pacem
823 2856 1014 2899 omnino
1050 2854 1243 2908 suadet3
1288 2854 1404 2899 baec
1430 2861 1589 2899 autem
1610 2851 1810 2898 obtineri
1840 2850 2019 2908 nequit,

127 2914 216 2959 nisi
237 2915 511 2961 communia
529 2915 728 2961 civitatis
749 2915 852 2961 iura
871 2913 1090 2959 inviolata
1108 2920 1367 2959 serventur.
1420 2914 1547 2969 Ergo
1564 2925 1660 2971 quo
1679 2913 1819 2957 bomo
1839 2912 2021 2956 ratione

129 2973 282 3029 magis
305 2973 491 3018 ducitur
505 3007 518 3031 ,
548 2974 596 3019 id
617 2980 712 3030 est,
741 2986 835 3031 quo
855 2974 1004 3031 magis
1025 2980 1097 3019 est
1115 2973 1261 3029 liber,
1292 2985 1347 3018 eo
1368 2973 1517 3030 magis
1538 2978 1804 3019 constanter
1822 2970 2019 3016 civitatis

131 3033 230 3079 iura
264 3033 474 3078 servabit
501 3039 547 3079 et
574 3046 788 3079 summae
816 3034 1060 3088 potestatis
1090 3032 1336 3088 mandata,
1366 3034 1499 3079 cuius
1519 3032 1737 3079 subditus
1758 3037 1853 3086 est,
1884 3040 2019 3076 exse-

132 3098 320 3149 quetur.
379 3088 464 3148 Sp.
521 3093 667 3149 (llaec
686 3099 795 3138 nota
816 3093 949 3139 deest
967 3092 1090 3150 apud
1110 3091 1254 3146 Gall.)
