2350 3475
334 83 464 148 233
521 57 528 62 ’
729 83 1122 132 TnacTATus
1157 82 1817 132 rusomslco-Pou'r.

343 271 584 320 aeternus
612 262 860 316 dominus
888 269 1014 315 erat.
1083 263 1219 316 Nam
1246 263 1433 329 siquis
1449 268 1753 330 paupertate
1772 269 1979 314 coactus
1996 261 2231 316 fundum

339 356 496 396 suum
531 338 613 394 vel
649 355 830 406 agrum
863 339 1191 402 vendiderat,
1240 341 1547 394 adventante
1583 339 1807 392 iubiiaeo
1842 341 1889 392 ei
1926 341 1991 392 de
2023 343 2235 408 integro

337 420 538 476 restitui
577 416 890 480 debebat¹);
943 423 994 468 et
1027 417 1094 468 ad
1129 416 1273 470 huuc
1308 418 1525 470 modum
1558 419 1659 471 alia
1694 418 1923 471 instituta
1953 427 2127 482 erant,
2170 427 2235 470 ut

341 511 496 548 nemo
529 510 562 546 a
595 493 708 546 fixis
743 495 858 546 suis
892 493 1048 547 bonis
1077 494 1287 547 alienari
1317 503 1515 560 posset.
1586 496 1675 547 86.
1710 496 1911 547 Deinde
1948 506 2234 563 paupertas

342 572 526 626 nullibi
547 571 860 625 tolerabilior
879 586 996 624 esse
1014 579 1243 638 poterat,
1284 587 1439 638 quam
1460 571 1551 624 ubi
1570 573 1753 624 caritas
1772 587 1889 638 erga
1908 575 2229 638 proximum,

339 651 438 702 boe
463 656 569 710 est,
607 663 724 714 erga
751 649 1046 710 concivem,
1083 663 1289 701 summa
1325 650 1517 716 pietate
1554 650 1655 700 coli
1682 649 1931 711 debebat,
1968 658 2027 700 ut
2050 651 2234 702 Deum

339 741 494 779 suum
531 739 702 790 regem
737 722 1018 794 propitium
1055 725 1323 778 baberent.
1394 726 1611 779 Civibus
1642 727 1798 795 igitur
1829 726 2082 779 Hebraeis
2120 743 2234 778 non

341 803 440 856 nisi
462 803 514 854 in
535 816 630 854 sua
651 805 811 870 patria
829 802 962 855 bene
979 817 1096 856 esse
1116 811 1345 870 poterat,
1382 812 1517 857 extra
1536 805 1755 856 eandem
1782 811 1953 856 autem
1974 803 2235 856 damnum

339 880 622 932 maximum
639 886 692 932 et
712 879 958 932 dedecus.
997 881 1082 935 87.
1109 881 1311 934 Deinde
1328 881 1393 934 ad
1414 882 1624 934 eosdem
1642 895 1748 932 non
1768 887 1967 933 tantum
1988 883 2039 932 in
2056 883 2235 949 patrio

329 955 454 1010 solo
474 955 822 1018 retinendum,
845 956 936 1009 sed
955 956 1024 1008 ad
1041 957 1175 1011 belia
1194 959 1349 1010 etiam
1364 959 1530 1011 civilia
1540 959 1803 1011 vitandum
1824 967 1877 1010 et
1892 971 2077 1010 causas
2096 973 2237 1010 con-

341 1033 630 1087 tentionum
669 1033 956 1086 mitandum
992 1035 1117 1088 baec
1152 1037 1386 1103 apprime
1422 1035 1809 1100 conducebant3
1858 1049 2047 1102 nempe
2082 1036 2237 1102 quod

338 1125 496 1164 nemo
517 1125 614 1164 suo
633 1111 860 1177 aequali,
897 1111 994 1164 sed
1009 1112 1106 1163 soli
1127 1113 1239 1164 Deo
1258 1112 1513 1165 serviebat
1526 1153 1541 1177 ,
1580 1121 1633 1165 et
1650 1113 1791 1179 quod
1808 1115 1995 1166 caritas
2014 1121 2065 1164 et
2082 1127 2240 1165 amor

341 1203 460 1254 erga
481 1189 742 1241 concivem
761 1203 966 1244 summa
987 1189 1361 1243 aestimabatur
1378 1192 1573 1258 pietas,
1614 1191 1705 1256 qui
1736 1203 1841 1242 nou
1869 1205 2049 1259 parum
2080 1189 2238 1242 fove·-

343 1266 495 1318 batur
521 1267 786 1318 communi
810 1267 960 1331 odio,
1001 1281 1106 1333 quo
1133 1267 1363 1333 reliquas
1397 1268 1663 1330 nationes,
1702 1277 1755 1320 et
1790 1268 1885 1320 bae
1922 1281 2013 1319 eos
2049 1275 2238 1318 contra

341 1341 624 1396 habebant.
685 1343 774 1396 88.
804 1345 1070 1396 Praeterea
1088 1346 1321 1411 apprime
1340 1343 1661 1396 conducebat
1678 1358 1883 1397 summa
1904 1344 2238 1397 obedieutiae

345 1421 648 1486 disciplina,
685 1434 790 1487 qua
815 1419 1197 1488 educabantur,
1236 1422 1378 1487 quod
1398 1422 1599 1474 scincet
1614 1423 1789 1472 omnia
1810 1435 1869 1473 ex
1887 1421 2238 1474 determinato

343 1498 472 1564 legis
493 1499 804 1565 praescripto
821 1499 988 1550 faeere
1009 1497 1285 1552 debebant.
1338 1501 1455 1554 Non
1474 1499 1613 1551 enim
1632 1499 1697 1550 ad
1717 1497 1924 1550 libitum
1946 1511 2092 1550 arare
2110 1497 2239 1550 iice-

243 1589 251 1596 ·
343 1574 460 1638 bat,
497 1575 594 1628 sed
631 1575 784 1628 certis
821 1575 1146 1644 temporibus
1171 1583 1223 1628 et
1248 1578 1429 1640 eneis,
1468 1584 1519 1628 et
1546 1589 1649 1626 non
1681 1576 1781 1627 nisi
1810 1589 1915 1627 uno
1947 1575 2238 1627 bestiarum

333 1664 530 1717 -genere
557 1652 734 1704 simul.
807 1653 894 1704 Sic
923 1654 1078 1706 etiam
1107 1669 1213 1706 nou
1240 1655 1345 1704 nisi
1364 1661 1500 1706 certa
1520 1655 1717 1705 ratione
1734 1659 1979 1720 certoque
1997 1660 2238 1719 tempore

345 1729 602 1783 seminare
621 1737 672 1781 et
689 1738 878 1783 metere
895 1730 1085 1783 licebat
1097 1770 1112 1793 ‚
1151 1739 1205 1783 et
1230 1731 1467 1784 absolute
1488 1746 1665 1783 eorum
1684 1730 1785 1782 vita
1804 1731 2085 1782 continuus
2106 1729 2240 1782 obe-

347 1806 570 1859 dientiae
589 1807 762 1859 cultus
781 1814 914 1868 erat:
953 1822 1056 1873 qua
1075 1809 1140 1860 de
1158 1823 1213 1860 re
1232 1808 1348 1859 vide
1366 1820 1481 1876 cap.
1501 1812 1565 1860 V.
1586 1810 1721 1861 circa
1740 1820 1895 1859 usum
1913 1808 2239 1860 ceremonia-

348 1884 546 1952 rum2).
583 1883 670 1936 89.
683 1885 854 1947 Quare
873 1884 1040 1936 eidem
1061 1888 1275 1937 omuino
1292 1886 1599 1937 assuefactis
1618 1886 1732 1952 ipsa
1752 1900 1857 1937 non
1880 1886 2104 1953 amplius
2122 1898 2241 1936 ser-

347 1962 502 2023 vituS,
521 1959 613 2013 sed
633 1960 848 2013 libertas
862 1961 1022 2013 videri
1041 1962 1248 2024 debuit3
1282 1963 1425 2016 unde
1440 1963 1589 2029 sequi
1606 1964 1761 2015 etiam
1780 1962 1977 2025 debuit,
1996 1969 2056 2013 ut
2074 1976 2238 2014 nemo

347 2040 554 2104 negata,
594 2038 686 2091 sed
703 2038 956 2091 mandato
985 2047 1225 2107 cuperet,
1264 2041 1329 2092 ad
1366 2040 1509 2106 quod
1532 2040 1704 2093 -etiam
1738 2054 1841 2091 non
1878 2054 2061 2108 parum
2100 2052 2241 2092 con-

335 2116 556 2170 duxisse
583 2116 810 2179 videtur,
852 2116 992 2182 quod
1019 2119 1172 2169 certis
1198 2120 1317 2170 anni
1347 2116 1669 2185 temporibus
1698 2118 1803 2169 otio
1830 2123 1883 2168 et
1914 2116 2137 2169 laetitiae
2172 2132 2240 2170 se

346 2194 470 2247 dare
497 2193 832 2257 tenebantur,
871 2208 974 2245 non
1003 2203 1064 2246 ιιι
1080 2196 1281 2258 animo,
1320 2195 1414 2247 sed
1434 2202 1493 2245 ut
1508 2196 1621 2246 Deo
1636 2208 1693 2245 ex
1712 2195 1887 2246 animo
1906 2193 2240 2261 obtempera—

349 2278 484 2325 rent.
554 2271 638 2325 90.
675 2272 777 2322 Ter
793 2272 858 2325 ,in
883 2286 1020 2323 anno
1036 2273 1134 2324 Dei
1163 2274 1403 2325 convivae
1432 2280 1577 2324 erant
1604 2270 1746 2339 (vide
1762 2273 1918 2323 Dent.
1940 2284 2055 2337 cap.
2078 2271 2235 2339 16.);

350 2349 570 2417 septimo
595 2348 912 2414 septimanae
939 2348 1024 2400 die
1052 2349 1118 2401 ab
1137 2351 1283 2402 omni
1298 2362 1455 2417 opere
1474 2358 1705 2411 cessare,
1742 2362 1965 2415 seseque
1984 2348 2087 2399 otio
2106 2346 2239 2400 dare

335 2425 636 2487 debebant3
676 2433 728 2477 et
745 2434 946 2491 praeter
963 2426 1088 2478 boec
1107 2427 1207 2478 alia
1226 2434 1455 2493 tempora
1475 2427 1677 2493 signata
1696 2432 1865 2490 erant,
1906 2424 2101 2491 qui-bus
2122 2426 2239 2476 iae-

351 2504 496 2555 titiae
531 2510 681 2554 actus
713 2502 915 2555 honesti
943 2510 994 2555 et
1015 2506 1247 2557 convivia
1276 2518 1380 2556 non
1414 2504 1625 2570 quidem
1656 2502 2095 2564 concedebantur,
2137 2504 2235 2555 sed

337 2578 749 2632 mandabantur.
809 2582 916 2633 Nec
933 2588 1058 2647 puto
1075 2580 1217 2647 quod
1254 2572 1453 2648 aliq‘uid
1474 2582 1571 2634 boc
1590 2582 1845 2635 efficacius
1872 2579 1937 2631 ad
1958 2580 2238 2632 hominum

349 2656 554 2709 sulinos
573 2655 854 2710 flectendos
873 2659 1139 2725 excogitari
1160 2665 1357 2725 potest3
1388 2672 1509 2710 nam
1530 2660 1674 2712 nuile
1694 2672 1753 2711 re
1772 2658 1939 2724 magis
1956 2659 2240 2724 capiuntur

353 2733 540 2799 animi,
577 2749 734 2801 quam
763 2735 982 2797 laetitia,
1023 2749 1156 2801 quae
1184 2750 1243 2787 ex
1266 2735 1564 2798 devotione,
1604 2736 1701 2789 boc
1730 2742 1835 2795 est,
1876 2746 1933 2786 ex
1954 2748 2147 2787 amore
2180 2742 2241 2785 et

353 2811 692 2865 admiratione
711 2812 869 2865 simul
887 2812 1066 2864 oritur.
1113 2814 1199 2865 91.
1218 2814 1323 2867 Nec
1342 2813 1491 2866 facile
1510 2812 1713 2867 fastidio
1732 2826 1903 2866 rerum
1922 2812 2237 2865 usitatarum

458 2998 500 3047 1)
535 2966 666 3040 Coni.
687 2996 832 3041 Levit.
853 3010 953 3052 cap.
972 2998 1038 3038 25.

457 3056 504 3109 2)
538 3055 638 3099 vid.
658 3066 701 3100 c.
719 3060 762 3099 5.
781 3058 823 3109 ς.
844 3059 908 3099 1¹1.
928 3068 1034 3114 sqq.
