2350 3475
351 64 473 127 122
749 68 1139 115 TnAcTA'rUs
1176 66 1577 113 Tnnenefllco
1590 94 1614 105 -
1624 67 1833 115 Pou'r.

348 261 520 314 neque
536 247 691 301 etiem
708 246 775 299 de
790 262 911 299 vero
926 260 1085 299 sensu
1104 252 1157 299 et
1174 252 1346 298 mente
1363 246 1675 312 scripturae,
1695 220 1793 297 sed
1809 245 1876 297 ad
1894 244 1992 296 hoe
2011 243 2114 295 aiio
2133 257 2242 295 ne-

346 326 577 378 cessario
599 325 795 376 iumine
824 324 1192 389 indigeremus.
1263 323 1348 375 ⁷9.
1386 322 1586 375 Deinde
1616 324 1667 374 si
1691 322 1816 375 baec
1844 323 2102 375 sententia
2115 337 2246 374 vera
2332 318 2334 325 '

348 408 501 466 esset,
542 407 847 468 sequeretur
862 400 1005 465 quod
1024 401 1208 467 vulgus
1220 440 1234 463 ,
1275 401 1366 465 qui
1385 400 1746 466 utplurimum
1766 400 2244 455 demonstrationes

347 479 569 545 ignorat,
595 478 673 531 vel
692 478 759 529 iis
778 490 955 530 vacare
972 479 1184 543 nequit,
1209 477 1274 529 de
1293 478 1557 543 Scriptura
1575 476 1704 529 nihii
1725 478 1826 529 nisi
1845 492 1904 529 ex
1921 478 2030 531 seia
2049 484 2246 529 aucto-

347 556 493 609 ritate
518 561 569 607 et
594 555 906 606 testimoniis
932 554 1408 621 philosophantium
1438 554 1707 608 admittere
1725 556 1935 621 poterit,
1969 563 2020 605 et
2037 568 2242 605 eonse-

346 638 565 699 quenter
578 646 874 698 supponere
894 631 1119 694 debebit,
1145 631 1486 699 philosophos
1503 632 1638 683 circa
1657 632 1954 698 Scripturae
1970 634 2243 697 interpre-

348 710 592 761 tationem
610 724 777 761 errare
794 724 899 761 non
917 723 1103 775 posse,
1136 723 1269 773 qnae
1287 723 1414 760 sane
1431 722 1562 760 nova
1581 714 1726 761 esset
1739 709 1984 761 ecciesiae
2003 709 2243 760 anctori-

346 792 423 837 tas
444 798 741 852 novumque
758 788 1085 838 sacerdotum
1108 786 1184 837 vel
1203 785 1506 852 pontificum
1526 800 1720 851 genus,
1753 785 2102 853 quodvnigns
2121 801 2247 838 ma-

344 863 423 927 gis
443 862 693 925 irrideret,
716 878 874 930 quam
890 869 1236 915 veneraretur.
1309 863 1396 915 80.
1417 862 1486 913 Et
1502 864 1740 929 quamvis
1755 871 1934 915 nostra
1952 862 2244 915 methodus

343 938 549 1005 linguae
572 938 841 993 Hebraeae
868 940 1216 1007 cognitionem
1247 940 1438 1006 exigat,
1477 944 1630 993 cnins
1659 940 1814 993 etiam
1841 941 2018 992 studio
2045 940 2246 1007 vulgus

342 1028 521 1067 vacare
555 1031 659 1068 non
697 1023 895 1083 potest,
934 1016 1060 1067 nihil
1098 1023 1268 1068 tamen
1297 1016 1468 1067 simile
1497 1016 1648 1071 nobis
1683 1015 1840 1069 obiici
1874 1024 2074 1084 poteet;
2115 1031 2243 1069 nam

345 1092 529 1157 vulgus
548 1093 857 1145 ludaeorum
877 1100 929 1145 et
946 1092 1216 1159 gentilium
1230 1133 1244 1156 ‚
1286 1094 1482 1160 quibus
1502 1094 1626 1145 oiim
1644 1094 1924 1161 prophetae
1943 1101 1996 1146 et
2013 1094 2244 1161 apostoli

343 1170 765 1235 praedicaverunt
778 1177 833 1223 et
850 1172 1197 1237 scripserunt,
1236 1170 1467 1237 linguam
1494 1171 1860 1237 prophetarum
1891 1178 1942 1223 et
1968 1172 2246 1238 apostolo-

346 1260 460 1297 rum
490 1246 871 1313 intelligebant,
908 1262 966 1298 ex
993 1262 1095 1313 que
1124 1248 1280 1299 etiam
1311 1255 1538 1299 mentem
1573 1248 1939 1315 prophetarum
1977 1250 2245 1315 percipie-

2335 614 2337 705 1

2332 1020 2338 1235 ῑ

345 1322 494 1385 baut,
518 1330 571 1375 at
588 1338 691 1375 non
710 1324 934 1376 rationes
952 1339 1125 1376 rerum
1138 1362 1155 1389 ,
1179 1337 1310 1389 ques
1330 1324 1716 1391 praedicebant,
1751 1340 1882 1392 quas
1901 1340 1961 1377 ex
1979 1327 2244 1377 sententia
2330 1314 2338 1328 ⁶

316 1406 325 1417 '
344 1388 693 1453 Maimonidae
710 1402 865 1453 etiam
884 1402 1015 1453 scire
1034 1400 1310 1463 deberent,
1341 1408 1400 1453 ut
1419 1408 1642 1453 mentem
1663 1402 2030 1469 prophetarum
2049 1416 2246 1468 capere
2336 1396 2337 1399 ’

344 1485 577 1543 possent.
621 1522 626 1529 .
650 1478 738 1530 81.
774 1478 851 1528 Ex
868 1479 1063 1529 ratione
1082 1479 1240 1544 igitur
1256 1487 1462 1531 nostrae
1481 1478 1706 1531 methodi
1729 1494 1832 1531 non
1851 1480 2108 1545 seqnitur,
2129 1494 2246 1531 ne·
2336 1502 2337 1509 ¹

346 1556 571 1607 cessario
590 1554 779 1619 vulgus
799 1555 1095 1607 testimonio
1115 1556 1454 1621 interpretum
1473 1558 1832 1623 acquiescere:
1853 1556 2074 1607 ostonde
2094 1558 2244 1607 enim

344 1630 555 1696 vulgus,
598 1630 741 1696 quod
769 1629 999 1696 linguam
1028 1631 1396 1699 prophetarum
1417 1640 1468 1685 et
1483 1633 1838 1701 apostolorum
1857 1630 2092 1684 callebat.
2165 1628 2250 1683 Δι’

344 1706 690 1760 Haimonides
707 1706 909 1760 nulium
930 1707 1169 1762 ostendet
1185 1709 1388 1775 vulgus,
1405 1710 1544 1776 quod
1565 1724 1737 1762 rerum
1755 1723 1942 1762 causas
1961 1708 2237 1775 intelligat,

342 1797 402 1835 ex
428 1783 623 1848 quibus
652 1798 832 1836 eorum
862 1792 1087 1838 mentem
1117 1789 1384 1854 pereipiat.
1457 1789 1544 1844 82.
1581 1789 1648 1839 Et
1673 1788 1814 1854 quod
1841 1786 1908 1838 ad
1925 1786 2243 1838 hodiernum

342 1860 529 1926 vulgus
555 1861 764 1923 attinet,
803 1863 909 1912 iam
934 1863 1259 1915 ostendimus
1270 1865 1356 1932 *),
1395 1866 1571 1916 omnia
1592 1865 1658 1920 ad
1677 1863 1898 1915 salutem
1919 1864 2236 1924 necessarie,

342 1939 581 2004 quamvis
600 1953 782 1990 eorum
798 1939 1023 1991 rationes
1042 1941 1368 2006 ignorentur,
1409 1941 1557 1993 facile
1583 1949 1756 1993 tamen
1783 1943 1835 1991 in
1856 1941 2035 2006 quavis
2052 1940 2241 2006 iiugua
2336 1973 2337 1996 1

343 2029 499 2082 posse
517 2015 739 2081 percipi,
778 2024 1045 2082 propterea
1063 2017 1206 2082 quod
1223 2017 1354 2070 adeo
1371 2019 1666 2070 communia
1693 2025 1746 2069 et
1771 2018 1962 2069 usitata
1989 2023 2143 2077 sunt,
2187 2024 2243 2066 et
2336 2031 2337 2046 ¹

342 2093 395 2143 in
415 2091 509 2142 hac
527 2094 855 2160 perceptione
869 2132 883 2155 ‚
908 2107 1013 2145 non
1034 2094 1248 2159 quidem
1267 2096 1322 2146 in
1341 2096 1638 2146 testimonio
1656 2095 2023 2162 interpretum,
2045 2093 2240 2158 vuigus

341 2170 646 2234 acquiescit3
688 2177 739 2221 et
766 2169 909 2236 quod
937 2170 1004 2221 ad
1030 2171 1228 2236 relique
1255 2173 1458 2234 attinet,
1500 2172 1714 2223 eandem
1743 2172 1796 2222 in
1825 2171 1908 2222 his
1925 2185 2046 2222 eum
2065 2170 2240 2222 doctis

341 2245 575 2311 seqnitur
604 2246 887 2298 fortunam.
958 2247 1047 2298 83.
1087 2247 1193 2300 Sed
1222 2248 1285 2299 ad
1305 2249 1654 2301 Maimonidae
1681 2248 1989 2299 sententiam
2009 2255 2242 2299 reverta-

344 2337 480 2385 mur,
502 2330 655 2389 etque
674 2323 843 2390 ipsam
863 2325 1151 2376 accuratius
1171 2327 1543 2376 examinemus
1616 2325 1796 2376 Primo
1813 2325 2081 2391 supponit,
2105 2337 2240 2390 pro-

344 2399 525 2465 phetas
551 2401 603 2452 in
632 2401 881 2453 omnibus
908 2403 1040 2454 inter
1068 2417 1127 2454 se
1145 2403 1448 2454 convenisse
1462 2439 1476 2464 ,
1515 2413 1858 2468 summosque
1877 2401 2042 2454 fnisse
2061 2401 2240 2468 philo-

344 2476 539 2543 sophos
574 2486 625 2530 et
662 2477 953 2544 theologum
991 2493 1053 2530 ex
1088 2480 1163 2532 rei
1196 2478 1336 2530 enim
1373 2480 1582 2530 veritate
1617 2493 1709 2532 eos
1743 2478 2066 2531 conclusisse
2101 2478 2237 2529 vuit.
2336 2523 2337 2556 ἦ

340 2551 499 2620 Atqui
526 2555 623 2606 hoc
650 2555 839 2606 falsum
866 2569 983 2607 esse
1008 2557 1063 2608 in
1090 2570 1206 2623 cap.
1224 2557 1294 2607 11.
1327 2555 1672 2608 ostendimus.
1745 2557 1832 2608 84.
1870 2555 2070 2607 Deinde
2099 2569 2241 2620 sup-
2336 2563 2337 2598 ἒ

342 2632 490 2696 ponit
523 2645 746 2684 sensum
775 2633 1071 2700 scripturae
1108 2647 1167 2684 ex
1201 2632 1318 2698 ipsa
1343 2631 1607 2699 Scriptura
1643 2640 1880 2684 constare
1913 2647 2018 2684 non
2053 2646 2236 2698 posse.
2335 2671 2338 2676 .

343 2708 539 2760 Rerum
574 2710 713 2759 enim
741 2711 927 2761 veritas
953 2723 1012 2762 ex
1042 2711 1155 2775 ipsa
1183 2710 1444 2776 Seri-ptura
1473 2726 1576 2763 non
1613 2717 1841 2772 constat,
1879 2715 2058 2776 utpote
2095 2722 2238 2774 quae
2336 2735 2337 2770 1

344 2785 469 2834 nihii
488 2784 833 2849 demonstrat,
864 2801 959 2838 nec
976 2801 1089 2849 res,
1120 2786 1188 2837 de
1207 2785 1406 2852 quihus
1432 2787 1686 2853 loquitur,
1719 2801 1814 2853 per
1831 2785 2160 2838 definitiones
2181 2793 2237 2836 et
2336 2801 2337 2850 j

343 2861 541 2927 primas
554 2875 683 2915 suas
702 2877 885 2916 causas
904 2863 1071 2917 docet.
1145 2864 1321 2928 Quare
1337 2877 1396 2916 ex
1413 2866 1668 2917 sententia
1686 2861 2036 2919 Haimonidae
2055 2875 2235 2928 neque

448 3031 491 3084 ‘J
528 3030 625 3074 vid.
646 3033 686 3084 ς.
705 3031 774 3076 m.
794 3043 897 3090 sqq.
