2350 3475
323 83 447 144 248
725 84 1116 131 ‘suenrus
1153 81 1809 132 mmmmm-pour.

322 264 402 316 vel
435 263 638 330 imperil
677 263 876 328 negotia
913 260 1159 313 tractandi
1196 259 1504 323 concedam
1542 267 1593 313 et
1620 269 1799 313 contra
1836 261 2010 312 emnia
2040 261 2227 312 multo

324 340 646 392 constantius
665 353 780 397 sese
801 338 989 390 habere
1003 377 1018 400 ,
1059 339 1104 388 si
1122 337 1176 388 hi
1193 339 1265 388 ita
1284 339 1671 403 contineantur,
1708 345 1769 391 ut
1784 337 1850 390 de
1870 337 2012 390 nulla
2030 353 2087 390 re
2106 339 2220 388 nisi

323 419 486 484 rogati
506 415 877 484 respondeant,
899 423 951 465 et
967 422 1026 467 ut
1040 415 1248 466 interim
1270 423 1470 482 recepta
1490 423 1687 467 tantum
1708 423 1760 467 et
1776 416 1999 466 maxime
2018 416 2221 466 usitata
2320 421 2322 460 ὲ

325 494 544 546 doceant
575 499 972 558 exerceantque.·
1033 493 1120 546 23.
1159 494 1233 542 11.
1270 492 1441 554 Quam
1478 493 1825 560 periculosum
1861 493 1957 555 sit,
2008 491 2075 544 ad
2126 493 2223 542 ius
2321 535 2322 556 ἶ

324 571 556 626 divinum
595 570 780 621 referre
816 583 899 619 res
935 582 1075 620 merc
1101 570 1468 635 speculativas,
1509 570 1755 636 legesque
1780 570 1845 622 de
1871 568 2221 637 opinionibus
2321 561 2322 634 ζ

323 649 574 706 condere,
613 645 680 697 de
715 643 909 710 quibus
946 644 1184 696 homines
1214 645 1479 713 disputare
1507 644 1678 698 solent
1702 646 1785 699 vel
1812 652 2054 714 possunt.
2126 641 2220 696 {bi
2321 639 2322 644 '

325 727 466 777 enim
487 723 860 774 violentissime
877 731 1142 788 regnatur,
1186 722 1279 775 ubi
1297 725 1573 790 opiniones
1586 762 1598 784 ,
1636 737 1771 790 quae
1790 723 2224 787 uniuscuiusque

325 803 460 853 iuris
487 807 636 864 sunt,
675 813 780 864 quo
808 814 961 852 nemo
990 800 1170 851 cedere
1192 807 1387 867 potest,
1430 814 1523 867 pro
1542 802 1757 852 crimine
1776 800 2062 862 habentur3
2100 801 2218 850 imo

323 877 496 944 plebis
515 877 610 938 ira,
633 875 724 927 ubi
745 875 843 928 boc
861 875 937 938 fit,
962 879 1181 929 maxime
1200 891 1411 943 regnare
1431 877 1581 928 solet.
1652 879 1739 933 24.
1770 877 1968 929 Pilatus
1996 883 2214 943 nempe,

323 961 384 1005 ut
413 953 808 1005 Pharisaeorum
841 955 948 1005 irae
975 953 1305 1015 concederet,
1349 953 1615 1006 Christum
1632 991 1646 1017 ,
1684 967 1844 1019 quem<
1880 955 2217 1005 innocentem

325 1035 559 1092 noverat,
597 1029 896 1096 crucifigere
915 1031 1074 1082 iussit
1091 1031 1167 1099 ¹).
1240 1031 1439 1083 Deinde
1458 1038 1518 1082 ut
1535 1031 1799 1086 Pharisaei
1820 1030 2031 1082 ditiores
2050 1043 2079 1084 a
2098 1031 2220 1081 suis

326 1105 666 1174 dignitatibus
705 1106 1063 1170 deturbarent,
1105 1109 1437 1173 quaestiones
1470 1108 1537 1160 de
1573 1108 1816 1174 religione
1855 1123 2057 1159 movere
2091 1121 2225 1158 eoe-

325 1191 538 1254 perunt,
577 1190 630 1236 et
657 1183 988 1237 Tsaducaeos
1017 1185 1301 1251 impietatis
1330 1199 1596 1246 accusare:
1636 1190 1685 1235 et
1702 1184 1766 1235 ad
1786 1184 1884 1236 hoc
1900 1184 2223 1236 Pbarisaeo-

327 1277 443 1314 rum
479 1261 774 1328 exemplum
809 1263 1024 1326 pessimi
1062 1263 1257 1328 quique
1293 1261 1589 1328 hypocritae
1620 1257 1802 1314 eadem
1838 1260 1979 1314 rabie
2014 1261 2220 1326 agitati,

327 1353 487 1406 quam
513 1337 682 1390 zelum
709 1339 842 1390 iuris
859 1339 1020 1390 divini
1041 1346 1251 1400 vocant,
1284 1340 1420 1390 viros
1439 1337 1691 1406 probitate
1713 1339 1945 1404 insignes
1964 1343 2017 1388 et
2032 1338 2226 1390 virtute

328 1416 512 1478 claroS,
535 1421 587 1467 et
604 1414 672 1468 ob
687 1416 743 1467 id
762 1415 903 1482 plebi
921 1417 1133 1478 invisos,
1148 1415 1345 1482 ubique
1364 1417 1623 1484 persecuti
1642 1423 1792 1477 sunu
1816 1429 1995 1467 comm
2012 1415 2223 1467 seilicet
2320 1441 2322 1456 1

327 1493 598 1560 opiniones
626 1491 832 1560 publice
861 1493 1163 1545 detestando
1192 1499 1243 1544 et
1269 1507 1472 1545 saevam
1502 1493 1891 1544 multitudinem
1917 1495 1993 1544 ira
2021 1493 2075 1544 in
2092 1507 2224 1544 ees-

327 1571 448 1621 dem
466 1568 792 1621 incendendo
806 1569 886 1638 θ).
958 1571 1045 1624 25.
1082 1570 1259 1636 Atque
1278 1569 1406 1622 haec
1424 1583 1611 1640 procax
1628 1570 1859 1631 licentia,
1898 1571 2021 1634 qnia
2041 1571 2219 1636 specie

331 1647 594 1712 religionis
621 1644 982 1710 adumbratur,
1025 1661 1128 1698 non
1157 1647 1307 1699 facile
1338 1648 1559 1699 coerceri
1590 1652 1787 1712 potest,
1825 1647 2095 1713 praecipue
2120 1645 2221 1698 ubi

331 1738 566 1777 summae
603 1729 888 1790 potestates
915 1729 1111 1777 sectam
1142 1724 1369 1792 aliquam
1406 1724 1826 1785 introduxerunt,
1876 1724 2038 1789 cuius,
2068 1723 2223 1791 ipsae

331 1808 566 1854 auctores
593 1816 696 1853 non
727 1807 878 1852 sunt:
919 1803 1040 1867 quia
1070 1810 1181 1852 tum
1212 1816 1316 1854 non
1343 1808 1403 1853 ut
1418 1803 1549 1853 iuris
1569 1802 2081 1867 divini‘interpretes,
2123 1800 2225 1852 sed

331 1884 394 1932 ut
418 1877 624 1931 sectarii
650 1876 930 1941 habentur,
973 1877 1070 1929 boc
1097 1885 1207 1941 est,
1248 1886 1308 1929 ut
1336 1880 1427 1945 qui
1456 1886 1627 1931 sectae
1656 1879 1893 1930 doctores
1908 1878 2039 1932 iuris
2058 1877 2221 1930 divini

331 1958 638 2022 interpretes
657 1962 967 2020 agnoscunt;
1006 1961 1059 2006 et
1077 1956 1195 2007 ideo
1214 1956 1609 2023 magistratuum
1630 1958 1911 2008 auctoritas
1934 1956 2065 2007 circa
2086 1954 2221 2007 baec

333 2033 470 2100 apud
497 2030 704 2099 plebem
733 2046 917 2098 parum
944 2032 1110 2085 valere
1127 2033 1288 2095 solet,
1326 2040 1381 2083 at
1396 2033 1683 2100 plurimum
1700 2033 1970 2085 doctorum
1989 2034 2222 2084 auctori-

334 2116 443 2173 taS,
480 2122 706 2176 quorum
732 2109 1245 2176 interpretationibus
1274 2110 1352 2162 vel
1380 2124 1526 2176 reges
1553 2109 1790 2162 submitti
1808 2108 1998 2161 debe-re
2016 2114 2221 2174 putant.
2321 2118 2322 2127 ¹

335 2188 420 2239 26.
457 2184 546 2239 Ad
573 2186 700 2237 haec
726 2200 847 2252 ergo
875 2186 1010 2239 mala
1037 2186 1243 2240 vitanda
1270 2188 1399 2239 nihil
1428 2185 1745 2253 reipublicae
1771 2188 1935 2238 tutius
1952 2186 2226 2251 excogitari

334 2269 532 2332 potest,
562 2277 716 2330 quam
743 2264 985 2329 pietatem
1013 2270 1066 2315 et
1091 2265 1358 2331 religionis
1388 2264 1589 2317 cultum
1610 2263 1810 2315 in'selis
1826 2262 2099 2330 operibus,
2123 2262 2225 2313 hoc

337 2348 446 2403 est,
483 2341 538 2392 in
573 2340 688 2391 solo
723 2341 963 2393 exercitio
1002 2342 1226 2393 caritatis
1254 2349 1305 2392 et
1331 2342 1557 2393 iustitiae
1584 2352 1801 2406 ponere,
1834 2348 1889 2392 et
1916 2339 1979 2391 de
2008 2339 2224 2405 reliquis

335 2418 556 2471 liberum
585 2417 869 2484 unicuique
895 2417 1149 2469 iudicium
1179 2418 1489 2484 relinquere.
1562 2416 1667 2468 Sed
1704 2416 1771 2468 de
1809 2416 1893 2469 his
1924 2423 2104 2483 postea
2134 2416 2226 2467 fu·
2321 2450 2322 2487 3

337 2498 450 2547 sius
465 2494 544 2563 ⁸).
616 2492 704 2548 27.
739 2495 841 2547 111.
876 2494 1128 2547 Videmus
1169 2509 1327 2560 quam
1364 2506 1581 2546 necesse
1616 2494 1712 2555 sit,
1754 2500 1861 2546 tam
1888 2492 2222 2561 reipublicae,

340 2587 498 2638 quam
515 2569 776 2637 religioni,
799 2572 1020 2625 summis
1039 2571 1384 2639 potestatibus
1402 2573 1485 2622 ius
1504 2571 1571 2623 de
1588 2585 1651 2622 eo
1666 2610 1682 2633 ,
1714 2571 1855 2637 quod
1876 2569 1955 2623 ias
1974 2570 2225 2637 nefasque
2321 2604 2322 2607 η

339 2650 436 2713 sit,
476 2647 804 2701 discernendi
839 2650 1137 2702 concedere.
1209 2650 1339 2702 Nam
1377 2650 1424 2699 si
1460 2647 1559 2700 hec
1588 2648 1703 2711 ius,
1742 2647 1809 2700 de
1836 2648 1989 2701 factis
2022 2648 2227 2701 discer-

341 2725 526 2788 nendi,
559 2726 691 2793 ipsis
712 2726 900 2781 divinis
916 2725 1185 2793 prophetis
1198 2725 1411 2779 concedi
1430 2740 1533 2777 non
1554 2726 1751 2795 potuit,
1774 2724 1877 2778 nisi
1898 2738 2019 2778 cum
2033 2738 2225 2793 magno

447 2930 488 2979 1)
519 2928 652 2973 Gens.
673 2928 836 2975 Matth.
858 2940 960 2985 cap.
979 2929 1046 2971 27.

446 2990 490 3038 2)
519 2986 652 3032 Conl'.
673 2988 858 3042 loseph.
881 2989 937 3033 de
958 2988 1008 3031 B.
1030 2988 1133 3033 lud.
1154 2991 1198 3046 2,
1217 2991 1257 3031 8.
1277 2988 1499 3046 Antiquit.
1521 2991 1587 3049 15,
1606 2990 1675 3034 10.

447 3048 495 3099 3)
522 3047 622 3092 vid.
645 3058 748 3103 cap.
766 3050 833 3090 20.
853 3048 973 3104 inpr.
995 3049 1037 3101 8.
1056 3049 1124 3090 46.
