2350 3475
369 137 452 194 50
763 133 1153 180 TRACTATUS
1163 129 1172 134 “
1191 129 1593 177 'rflssommco
1606 158 1631 170 -
1640 131 1851 176 PoLl'r.

367 317 592 380 catione,
631 317 722 383 qui
750 307 898 366 hunc
917 313 983 364 ad
1011 312 1108 363 boc
1135 323 1271 378 opus
1300 311 1377 382 vel
1403 309 1468 361 ad
1488 309 1621 362 hanc
1634 308 1837 364 vivendi
1857 311 2115 362 rationem
2126 326 2260 377 prae

365 393 478 444 aliis
517 393 685 459 elegit.
762 392 846 443 11.
884 390 1122 457 Denique
1157 403 1251 454 per
1286 389 1608 439 fortunam
1644 387 1774 439 nihil
1812 386 1953 438 aliud
1992 387 2254 455 intelligo,

366 484 523 536 quam
541 471 636 521 Dei
658 469 1022 530 directionem,
1061 473 1321 533 qnatenus
1351 479 1445 531 per
1472 479 1655 516 causas
1685 473 1915 516 externas
1946 471 1995 515 et
2013 465 2261 532 inopina-

364 557 444 598 tas
465 561 546 598 res
565 546 818 597 humanas
839 545 1030 610 dirigit.
1050 538 1056 542 ’
1101 543 1201 594 His
1225 542 1523 610 praelibatis
1543 541 1609 592 ad
1628 550 1865 594 nostrum
1888 542 2144 593 intentum
2166 557 2259 593 re-
2329 601 2330 610 ἵ

363 629 638 684 vertamur,
677 631 736 676 ut
753 622 1035 684 videamus»,
1071 621 1201 687 quid
1219 620 1272 671 id
1293 619 1450 671 fuerit
1465 627 1674 685 propter
1694 619 1835 684 quod
1855 617 2089 670 Hebraea
2111 622 2258 670 natio
2329 617 2330 690 ἐ

365 701 500 752 dicta
525 698 680 750 fuerit
709 715 739 751 a
757 700 868 752 Deo
895 714 1018 766 prae
1057 698 1271 764 reliquis
1312 699 1493 749 electa.
1564 696 1649 747 Ad
1690 696 1831 762 quod
1867 695 2257 748 ostendendum
2329 693 2330 764 J

363 778 442 828 sic
459 777 706 843 procedo.

469 853 554 908 12.
626 854 814 905 Omnia
829 892 844 916 ,
883 867 1016 918 quae
1035 852 1249 904 honeste
1268 853 1509 917 cupimus
1524 890 1538 913 ‚
1577 850 1643 901 ad
1662 849 1789 901 haec
1804 851 1898 901 tria
1918 851 2257 916 potissimum

361 929 680 995 referuntur,
731 944 918 996 nempe
961 945 1067 982 res
1100 943 1213 995 per
1249 930 1493 996 primas
1528 941 1683 978 suas
1720 941 1953 978 causas
1986 927 2257 979 intelli-
2329 925 2330 932 ’

361 1021 536 1074 gere;
575 1008 926 1074 passiones
961 1006 1218 1058 domare
1252 1007 1360 1057 sive
1396 1005 1664 1057 virtutis
1702 1003 1994 1055 habitum
2030 1005 2261 1069 acqui-

361 1098 532 1145 rere;
570 1093 621 1136 et
646 1084 872 1150 denique
908 1095 1132 1134 secure
1159 1089 1219 1134 et
1244 1096 1402 1133 sano
1440 1096 1713 1148 corpore
1748 1082 1983 1133 vivere.
2056 1081 2254 1142 Media,

365 1175 498 1227 quae
515 1161 582 1212 ad
598 1161 826 1228 primum
845 1167 896 1211 et
912 1159 1206 1212 secundum
1226 1159 1416 1211 directe
1435 1160 1740 1219 inserviunt,
1780 1164 1831 1209 et
1851 1171 1986 1223 quae
2004 1163 2255 1224 tanquam

363 1251 551 1289 causae
568 1239 826 1305 proximae
845 1245 895 1288 et
913 1236 1195 1288 efficientes
1214 1235 1526 1287 considerari
1548 1242 1789 1303 possunt,
1822 1236 1875 1284 in
1893 1235 2007 1300 ipsa
2026 1234 2256 1285 bumana

363 1320 546 1366 natura
573 1315 931 1374 continentur;
973 1315 1042 1365 ita
1069 1321 1130 1364 ut
1157 1327 1339 1364 eorum
1366 1314 1639 1378 acquisitio
1656 1328 1685 1363 a
1704 1313 1815 1364 sola
1835 1319 2007 1363 nostra
2027 1314 2257 1378 potentia

365 1393 476 1444 sive
501 1405 532 1442 a
561 1390 686 1443 solis
715 1391 974 1443 hnmanae
1001 1398 1212 1442 naturae
1239 1389 1443 1455 legibus
1466 1391 1738 1456 praecipue
1761 1388 2001 1456 pendeat.
2074 1389 2144 1439 Et
2163 1389 2259 1439 hac

363 1469 429 1520 de
464 1483 622 1520 causa
657 1469 870 1519 omnino
907 1467 1243 1519 statuendum
1282 1475 1389 1529 est,
1427 1467 1555 1518 haec
1590 1466 1727 1518 dona
1766 1465 1896 1518 nulli
1932 1467 2131 1516 nationi
2163 1480 2257 1532 pe-

365 1545 606 1606 culiaria,
647 1543 741 1595 sed
777 1544 870 1594 toti
898 1544 1126 1595 humano
1151 1545 1326 1608 generi
1358 1546 1653 1594 communia
1682 1557 1890 1610 semper
1917 1541 2110 1602 suisse3
2152 1544 2259 1593 nisi

363 1621 626 1673 somniare
644 1619 862 1671 velimus
884 1626 1120 1671 naturam
1141 1618 1264 1670 olim
1286 1619 1485 1672 diversa
1503 1619 1775 1671 bominum
1806 1632 1988 1687 genera
2014 1634 2259 1686 procrea·
2329 1629 2330 1676 3

364 1699 520 1751 visse.
596 1696 681 1748 13.
719 1697 792 1750 At
808 1695 1004 1759 media,
1029 1710 1163 1763 quae
1181 1696 1246 1748 ad
1266 1709 1447 1749 secure
1466 1697 1737 1750 vivendum
1762 1703 1813 1749 et
1832 1711 2019 1764 corpus
2038 1711 2258 1749 conser-
2329 1685 2330 1753 ἴ

364 1774 590 1827 vandum
619 1774 934 1837 inserviunt,
973 1775 1029 1825 in
1056 1773 1215 1825 rebus
1244 1775 1465 1827 externis
1494 1776 1769 1841 praecipue
1786 1776 1884 1825 sita
1904 1782 2056 1835 sunt;
2099 1782 2258 1840 atque
2329 1830 2330 1837 χ

359 1851 648 1904 ideo-dona
677 1850 913 1903 fortunae
939 1858 1211 1913 vocantur,
1256 1852 1379 1917 quia
1409 1853 1653 1904 nimirum
1684 1853 1905 1903 maxime
1924 1867 1951 1903 a
1973 1852 2256 1903 directione
2329 1838 2330 1909 J

365 1940 638 1981 causarum
673 1935 1048 1991 externarum,-
1074 1942 1230 1993 quam
1270 1931 1625 1995 ignoramus,·
1650 1929 1909 1995 pendent,
1958 1930 2026 1980 ita
2062 1934 2126 1979 nt
2163 1929 2257 1979 hac

355 2009 420 2057 -in
439 2020 494 2057 re
513 2005 706 2058 stultus
733 2005 840 2057 fere
866 2012 1030 2071 aeque
1057 2005 1178 2057 felix
1208 2013 1259 2058 et
1276 2006 1477 2070 infelix,
1522 2021 1583 2058 ac
1602 2006 1829 2072 prudens
1849 2007 1935 2057 sit.
2008 2004 2254 2057 Attamen
2329 2056 2330 2061 ,

363 2084 429 2135 ad
445 2096 626 2135 secure
641 2082 916 2136 vivendum
943 2090 992 2135 et
1017 2083 1234 2135 iniurias
1261 2086 1482 2136 alio-rum
1514 2084 1782 2135 hominum
1799 2121 1813 2145 ,
1854 2090 1906 2134 et
1934 2082 2088 2133 etiam
2114 2082 2253 2133 bru—

363 2168 560 2223 torum,
603 2159 905 2212 evitandum
933 2159 1162 2211 bumana
1198 2159 1413 2213 directio
1442 2169 1491 2212 et
1525 2161 1782 2227 vigilantia
1820 2158 2039 2211 multum
2081 2160 2256 2211 iuvare

361 2246 553 2306 potest.
576 2251 582 2256 ’
630 2237 712 2289 14.
750 2236 838 2288 Ad
865 2237 1004 2303 quod
1034 2238 1238 2290 nullum
1267 2241 1455 2292 certius
1476 2238 1703 2290 medium
1724 2238 1854 2288 ratio
1874 2243 1925 2287 et
1943 2237 2256 2301 experientia

363 2315 572 2379 docuit,
590 2328 745 2379 quam
765 2314 1062 2367 societatem
1083 2317 1235 2367 certis
1252 2315 1465 2382 legibus·
1477 2316 1725 2378 formare,
1751 2322 2047 2378 certamque
2066 2314 2256 2363 mundi
2329 2306 2330 2313 ³

362 2394 568 2460 plagam
594 2405 848 2457 occupare
873 2398 926 2443 et
954 2394 1187 2444 omnium
1216 2394 1350 2444 vires
1370 2392 1434 2443 ad
1454 2404 1617 2443 unum
1639 2391 1789 2456 quasi
1806 2403 1997 2457 corpus
2012 2429 2027 2452 ,
2066 2402 2257 2457 nempe

363 2469 654 2531 societatis,
694 2468 942 2535 redigere.
1013 2470 1209 2520 Verum
1228 2460 1503 2538 enimvero
1523 2467 1589 2519 ad
1608 2469 1907 2520 societatem
1929 2466 2254 2519 formandam
2328 2482 2330 2517 ῑ

363 2555 416 2599 et
442 2546 849 2598 conservandam
876 2545 1140 2613 ingenium
1168 2552 1223 2596 et
1240 2544 1497 2611 vigilantia
1516 2558 1619 2595 non
1642 2544 1919 2596 mediocris
1938 2544 2252 2609 requirnnt-3

367 2633 419 2677 et
443 2622 634 2675 idcirco
663 2622 750 2674 illa
780 2624 999 2675 societas
1028 2624 1259 2673 securior
1288 2622 1385 2672 erit
1403 2628 1453 2672 et
1472 2622 1635 2689 magis
1656 2628 1930 2681 constans,
1973 2621 2257 2689 minusque
2329 2646 2330 2649 ¹

363 2701 599 2753 fortunae
619 2699 837 2752 obnoxia
850 2738 864 2762 ,
887 2712 1019 2764 quae
1040 2699 1259 2749 maxime
1278 2696 1343 2750 ab
1363 2698 1662 2751 hominibus
1683 2697 2027 2765 prudentibus
2046 2705 2099 2748 et
2115 2701 2256 2765 vigi-

363 2776 596 2829 lantibus
616 2772 865 2829 l'undatur
884 2783 932 2826 et
950 2774 1212 2840 dirigitur3
1252 2782 1303 2827 et
1320 2782 1513 2839 contra,
1555 2791 1687 2842 quae
1706 2790 1767 2828 ex
1785 2774 2087 2827 hominibus
2106 2777 2256 2828 rudis
2329 2832 2330 2835 Ἴ

364 2854 563 2921 ingenii
592 2859 818 2915 constat,
857 2852 1072 2903 maxima
1104 2867 1163 2905 ex
1188 2860 1331 2920 parte
1361 2867 1390 2905 a
1419 2852 1623 2907 fortuna
1651 2853 1843 2920 pendet
1872 2861 1923 2905 et
1959 2853 2139 2904 minus
2178 2862 2257 2905 est
2328 2898 2331 2919 ,

367 2938 634 2984 constans·
708 2929 985 2993 15.‘Quod
1011 2930 1058 2981 si
1085 2937 1259 2983 tamen
1290 2930 1383 2982 din
1410 2930 1777 2997 permanserit,
1814 2931 1869 2981 id
1907 2930 2121 2981 alterius
2161 2930 2252 2983 di-

367 3007 605 3069 rectioni,
648 3020 750 3057 non
781 3021 907 3059 suae
935 3006 1179 3071 debeturg
1218 3010 1323 3061 imo
1354 3009 1399 3059 si
1428 3023 1611 3075 magna
1629 3008 1855 3073 pericula
1875 3010 2254 3074 exsuperaverit

366 3092 420 3141 et
437 3098 520 3141 res
537 3084 638 3155 ipsi
661 3097 907 3153 prospere
925 3088 1297 3152 successerint,
1338 3100 1443 3140 non
1462 3086 1649 3153 poterit
1664 3086 1778 3144 insa
1797 3085 1895 3137 Dei
1912 3084 2251 3139 directionem
