2350 3475
393 136 492 194 ,84
803 140 930 184 ΤΒΑ
937 139 1193 184 cTA'rUs
1232 136 1633 184 TnEoLoolco
1643 164 1670 175 -
1679 135 1891 183 Pom'r.

407 318 705 369 strationem
728 317 1028 384 investigare
1048 317 1339 385 potuerint,
1378 323 1429 367 et
1455 315 1617 366 multo
1645 315 1846 378 minuS,
1889 312 2029 380 quod
2064 312 2286 366 doctrina

408 396 700 462 scripturae
745 409 850 446 non
895 403 1073 462 posset
1119 395 1368 460 intelligi,
1430 395 1529 444 nisi
1574 393 1767 444 auditis
1812 391 1995 443 litibus
2033 393 2195 443 Isaaci
2214 393 2283 460 ¹),

326 499 330 504 -
405 471 760 538 Achitophelis
778 472 1006 523 consiliis
1022 471 1311 523 Absolomo
1332 470 1467 523 datis
1481 471 1537 539 ²)
1554 508 1568 532 ,
1607 477 1657 520 et
1674 467 1809 521 bello
1830 469 1963 520 civili
1981 468 2283 520 ludaeorum
2332 467 2343 482 ”

405 556 457 600 et
482 549 826 600 Israelitarum
859 557 910 600 et
937 549 1054 600 aliis
1081 549 1146 600 ad
1180 548 1321 599 hunc
1346 547 1560 599 modum
1581 546 1880 612 chronicis3
1917 552 2007 596 aut
2024 545 2164 612 quod
2186 547 2288 612 pri-

405 627 504 676 mis
527 625 750 686 IudaeiS,
775 625 864 691 qui
888 633 1118 692 tempore
1135 627 1301 678 Mosis
1320 625 1571 688 vixerunt,
1602 626 1715 690 ipsa
1736 622 1966 674 doctrina
1986 637 2045 675 ex
2064 623 2287 674 historiis
2341 639 2342 656 ³

405 717 508 753 non
529 711 690 768 aeque
709 701 858 754 facile
878 703 1216 755 demonstrari
1236 703 1459 769 potuerit
1472 741 1486 763 ,
1528 715 1587 753 ac
1614 703 1683 752 iis
1702 702 1791 766 qui
1812 708 2041 767 tempore
2058 701 2287 752 Hesdrae

403 781 654 831 vixerunt.
729 779 830 830 Sed
857 780 924 831 de
953 780 1036 832 his
1069 781 1239 831 fusius
1266 781 1319 830 in
1340 778 1703 844 sequentibus·
1775 779 1863 830 44.
1901 778 2101 844 Vulgus
2116 779 2290 844 itaque

401 871 489 908 eas
510 863 708 908 tantum
730 855 972 908 historias
987 897 1000 920 ‚
1043 871 1176 922 quae
1198 857 1415 908 maxime
1435 869 1613 907 eorum
1634 855 1837 907 animos
1856 855 1921 906 ad
1942 853 2289 906 obedientiam

401 940 454 986 et
483 935 804 987 devotionem
833 948 1035 985 movere
1066 943 1311 1000 possunt,
1356 933 1489 984 scire
1516 940 1738 986 tenetur.
1809 931 1881 982 At
1906 933 2081 1000 ipsum
2108 933 2291 996 vulgus
2322 955 2342 1004 Ἰ·

403 1025 505 1062 non
536 1011 665 1063 satis
694 1018 872 1077 aptum
901 1019 984 1062 est
1007 1011 1072 1062 ad
1097 1011 1388 1062 faciendum
1421 1011 1486 1061 de
1514 1010 1579 1061 iis
1617 1011 1895 1074 iudicium,
1936 1016 2113 1076 utpote
2150 1011 2289 1074 qnod
2329 1009 2338 1050 i

386 1090 568 1154 ‘magis
605 1086 984 1140 narrationibus
1019 1097 1069 1139 et
1113 1100 1283 1139 rerum
1333 1087 1579 1154 singulari
1626 1095 1677 1138 et
1720 1088 2035 1153 inexpectato
2084 1089 2327 1148 eventu,⁴

399 1179 556 1231 quam
583 1166 697 1231 ipsa
737 1165 1066 1216 historiarum
1105 1165 1335 1216 doctrina
1374 1165 1679 1224 delectatur3
1721 1170 1875 1230 atque
1904 1163 1999 1215 hac
2032 1163 2098 1215 de
2136 1178 2289 1215 causa

399 1249 599 1308 praeter
625 1243 896 1293 lectionem
935 1241 1265 1294 historiarum
1296 1241 1593 1308 pastoribus
1623 1242 1729 1293 sive
1758 1241 2007 1293 ecclesiae
2036 1241 2289 1293 ministris

396 1322 614 1387 insuper
639 1320 864 1385 indiget,
905 1321 996 1386 qui
1029 1321 1203 1385 ipsum
1222 1333 1317 1386 pro
1336 1317 1683 1370 imbecillitate
1702 1319 1817 1369 eius
1836 1317 2028 1384 ingenii
2052 1317 2286 1369 doceant.
2341 1369 2342 1372 ,

396 1400 496 1462 45.,
522 1397 765 1448 Attamen
785 1411 852 1447 ne
871 1411 900 1448 a
919 1403 1095 1448 nostro
1117 1397 1383 1463 proposito
1404 1394 1720 1460 divagemur,
1761 1395 1853 1447 sed
1874 1394 1945 1460 id,
1978 1394 2119 1461 quod
2140 1411 2291 1462 prae-

397 1477 548 1542 cipue
565 1473 966 1525 intendebamus
984 1473 1259 1524 ostendere
1275 1513 1289 1536 ,
1312 1473 1685 1532 concludamus
1702 1511 1715 1535 ,
1738 1486 1927 1540 nempe
1946 1471 2101 1524 fidem
2122 1471 2290 1524 histo-

395 1553 587 1603 riarum
601 1589 616 1612 ,
655 1564 997 1616 quaeeunque
1019 1550 1232 1601 demum
1250 1564 1341 1601 eae
1360 1551 1491 1614 sint,
1534 1549 1599 1601 ad
1617 1549 1780 1615 legem
1803 1549 2026 1602 divinam
2046 1564 2151 1600 non
2172 1565 2291 1616 per-

393 1630 583 1692 tinere,
617 1641 712 1677 nec
729 1627 968 1678 homines
986 1640 1080 1693 per
1095 1640 1152 1678 se
1174 1625 1353 1678 beatos
1372 1625 1586 1678 reddere
1599 1665 1613 1689 ,
1646 1640 1817 1692 neque
1834 1627 1992 1679 ullam
2014 1627 2289 1678 utilitatem

393 1706 496 1757 nisi
527 1705 722 1756 ratione
751 1703 1011 1755 doetrinae
1039 1702 1256 1766 habere,
1296 1717 1400 1769 qua
1418 1704 1528 1756 sola
1548 1705 1741 1756 ratione
1762 1702 1891 1756 aliae
1911 1703 2156 1756 historiae
2178 1704 2290 1756 aliis

393 1782 792 1848 praestantiores
823 1788 1046 1848 possunt
1075 1794 1213 1832 esse.
1288 1782 1376 1833 46.
1412 1782 1739 1833 Narrationes
1770 1782 1925 1846 igitur
1949 1782 2003 1832 in
2042 1789 2215 1834 vetere
2244 1790 2291 1832 et

394 1873 527 1910 novo
547 1864 854 1910 testamento
873 1864 1144 1910 contentae
1163 1858 1375 1924 reliquis
1395 1859 1648 1926 profanis,
1672 1866 1721 1911 et
1741 1860 1885 1925 ipsae
1903 1859 2057 1910 etiam
2076 1860 2217 1910 inter
2234 1874 2288 1909 se

391 1949 530 1987 unae
559 1935 675 1987 aliis
703 1936 1100 2001 praestantiores
1129 1942 1256 1987 sunt
1285 1952 1377 2003 pro
1408 1938 1604 1987 ratione
1630 1935 1936 1987 salutarium
1956 1936 2286 2002 opinionum,
2340 1880 2342 1999 1

393 2027 528 2078 quae
549 2028 608 2065 ex
624 2014 690 2064 iis
709 2020 1019 2079 sequuntur.
1091 2014 1265 2077 Quare
1284 2014 1329 2065 si
1353 2014 1473 2080 quis
1491 2013 1731 2065 historias
1749 2013 1806 2064 S.
1826 2014 2127 2079 scripturae
2146 2014 2289 2080 lege-

392 2091 485 2153 rit,
526 2092 676 2155 eique
705 2092 758 2141 in
787 2090 1030 2142 omnibus
1058 2089 1215 2142 fidem
1243 2090 1509 2153 habuerit,
1550 2104 1645 2141 nec
1676 2098 1846 2141 tamen
1874 2088 1939 2141 ad
1976 2088 2285 2156 doctrinam,

392 2182 550 2233 quam
571 2168 683 2233 ipsa
703 2167 890 2219 iisdem
911 2167 1096 2219 docere
1114 2168 1363 2230 intendit,
1403 2167 1701 2229 attenderit,
1744 2181 1839 2219 nec
1856 2168 2009 2217 vitam
2030 2168 2289 2220 emenda-

389 2246 545 2307 verit,
569 2244 781 2310 perinde
801 2244 902 2310 ipsi
923 2254 1027 2309 est,
1058 2260 1118 2298 ac
1137 2246 1183 2296 si
1204 2245 1517 2297 Alcon-anum
1540 2249 1630 2295 aut
1648 2247 1914 2311 poe'tarum
1939 2242 2149 2295 fabulas
2170 2260 2289 2297 sce-

389 2322 566 2384 nicas,
608 2328 696 2372 aut
723 2322 904 2373 saltem
937 2324 1232 2374 communia
1270 2322 1509 2372 chronica
1530 2334 1586 2371 ea
1616 2322 1917 2383 attentione,
1962 2335 2064 2386 qua
2098 2322 2287 2388 vulgus
2330 2326 2342 2368 ι’

389 2399 547 2462 solet,
591 2399 824 2465 legissem
868 2405 918 2449 et
943 2408 1145 2461 contra,
1186 2400 1260 2450 uti
1280 2397 1535 2459 diximus,
1571 2398 1648 2458 is,
1692 2398 1780 2462 qui
1802 2412 1890 2449 eas
1910 2396 2063 2463 plane
2086 2399 2293 2465 ignorat
2309 2391 2339 2431 ⁴

389 2484 441 2527 et
465 2475 628 2527 nihilo
657 2477 830 2527 minus
861 2477 1113 2529 salutares
1132 2476 1289 2527 hahet
1308 2476 1581 2542 opiniones
1598 2487 1875 2540 veramque
1895 2474 2099 2526 vivendi
2128 2478 2289 2527 ratio-

386 2566 506 2603 nem
525 2595 538 2618 ,
579 2554 623 2604 is
643 2552 876 2605 absolute
898 2553 1081 2605 heatus
1107 2558 1189 2604 est
1217 2559 1267 2603 et
1295 2566 1465 2603 revera
1484 2550 1671 2603 Christi
1691 2552 1931 2617 spiritum
1953 2552 2006 2601 in
2028 2566 2087 2603 se
2109 2552 2286 2603 habet.
2341 2592 2342 2609 ἢ

388 2630 477 2681 47.
515 2628 588 2679 At
603 2629 974 2681 Iudaeicontra
997 2630 1148 2695 plane
1167 2630 1424 2689 sentiunt;
1464 2633 1703 2679 statuunt
1730 2631 1867 2679 enim
1902 2642 2049 2679 veras
2068 2630 2287 2694 opinio-
2341 2678 2342 2683 ,

386 2721 480 2757 nes
543 2720 786 2771 eramque
803 2705 1013 2758 'vivendi
1043 2707 1292 2759 rationem
1330 2703 1460 2755 nihil
1494 2703 1741 2770 prodesse
1776 2703 1841 2754 ad
1879 2704 2285 2769 beatitudinem,

386 2798 546 2849 quam
605 2782 658 2831 iu
676 2782 916 2859 homspes
935 2797 1021 2835 eas
1041 2796 1099 2835 ex
1119 2782 1231 2833 solo
1248 2782 1447 2833 lumine
1464 2782 1683 2833 naturali
1702 2780 2090 2848 amplectuntur
2108 2790 2165 2833 et
2184 2798 2289 2834 non

385 2867 443 2911 ut
470 2780 781 2993 docdRenta
807 2860 947 2913 Mosi
975 2858 1269 2927 prophetice
1305 2859 1539 2912 revelata.
1612 2860 1727 2911 Hoc
1762 2859 1899 2910 enim
1926 2858 2289 2911 Haimonides

489 3047 532 3094 1)
567 3046 666 3089 vid.
732 3057 858 3089 enea.
878 3046 949 3100 26,
971 3048 1036 3087 14.
1057 3058 1161 3102 sqq.

485 3105 531 3155 2)
567 3103 664 3146 vid.
685 3106 712 3144 2
730 3102 854 3147 Sam.
879 3105 944 3157 ιθ,
963 3104 1028 3145 2⁰.
1052 3116 1154 3161 sqq.
1186 3106 1254 3179 ΓΙἲ
1274 3109 1313 3148 1.
1334 3116 1438 3163 sqq.
