2350 3475
356 80 479 143 166
752 85 1145 133 TRAcTA'rUs
1183 84 1845 133 matrimomo-pour.

336 283 513 355 »πει-ι
544 282 763 377 'tanin
798 279 987 343 ‘unz-z
1032 283 1192 345 univ
1218 258 1450 368 &apim
1491 286 1631 344 nen
1665 278 1774 345 im
1796 284 1921 347 &vt-1
1951 258 2256 347 &St-›Suo-

352 385 527 447 ,ἾἾἹΠ
552 384 805 453 profecto
824 382 977 434 illum
994 385 1168 435 virum
1187 385 1535 451 benignitatis
1560 402 1725 437 causa
1753 388 1967 438 nomina
1973 424 1993 464 ³.
2034 390 2134 439 eui
2157 404 2257 439 no-

348 484 469 521 men
492 468 781 535 Neglmnia
793 466 955 537 filius
979 468 1230 535 Hiskia03
1266 486 1391 521 nam
1417 473 1476 520 m·
1503 472 1616 537 ipse
1631 472 1864 539 fuisset,
1903 472 2257 527 absconditur

335 546 543 611 fhisset
560 547 697 598 liber·
713 544 1029 612 Ezechielis,
1060 548 1192 615 quia
1209 548 1324 598 eim·
1342 549 1503 599 verba
1522 549 1696 599 verbis
1715 548 1852 615 legis
1867 552 2258 617 repugnabant

349 628 451 675 ete.
522 624 611 677 4⁷.
647 622 724 673 Ex
742 620 945 689 'quibus
972 622 1260 675 clarissime
1288 624 1554 691 sequitur,
1596 623 1726 691 legis
1746 626 1938 693 peritos
1959 628 2252 681 concilium

346 699 670 765 adhibuisse,
699 699 883 767 quales
903 698 1021 751 libri
1041 708 1097 751 ut
1118 700 1250 752 sacri
1272 709 1447 753 essent
1465 701 1762 768 recipiendi,
1792 707 1844 753 et
1863 703 2044 769 quales
2063 705 2254 759 exclu-
2328 744 2329 757 ,

2327 668 2329 735 ἱ

349 778 525 830 deudi.
599 777 703 841 Qui
722 777 876 843 igitur
893 776 958 828 de
980 778 1215 829 omnium
1235 778 1532 830 auctoritate
1551 785 1724 830 certus
1745 793 1862 831 esse
1882 779 2024 843 vult,
2055 783 2250 843 eonsi-

346 855 475 905 lium
496 852 559 905 de
578 853 780 920 integro
798 854 953 917 ineat,
976 861 1027 905 et
1045 855 1296 907 rationem
1317 855 1571 921 cuiusque
1592 857 1773 922 exigat.
1829 856 1915 908 48.
1936 859 2047 911 lam
2067 866 2248 917 autem
2327 872 2329 913 1

346 938 553 998 tempus
574 937 733 995 esset,
746 930 907 983 libros
926 932 1080 983 etiam
1102 933 1219 984 novi
1241 933 1532 984 testamenti
1551 931 1732 983 eodem
1754 932 1908 985 modo
1929 936 2246 988 examinare.
2328 938 2329 943 ’

346 1008 449 1059 Sed
480 1008 603 1075 quie
641 1007 694 1061 id
722 1022 752 1061 a
782 1009 904 1060 viris
933 1023 1098 1076 quum
1136 1010 1496 1073 scientiarum,
1541 1017 1652 1059 tum
1687 1010 1909 1063 maxime
1943 1009 2248 1077 linguarum

348 1084 679 1150 peritissimis
701 1084 895 1137 sactum
915 1099 1032 1137 esse
1060 1085 1244 1149 audio,
1277 1093 1328 1138 et
1345 1088 1500 1138 etiam
1519 1087 1640 1152 quia
1659 1094 1762 1137 tam
1787 1094 2009 1139 exactam
2034 1089 2247 1155 linguae

335 1154 569 1213 'Graecae
588 1163 935 1228 cognitionem
957 1176 1061 1213 non
1083 1160 1268 1224 habeo,
1291 1170 1348 1215 ut
1365 1162 1497 1215 hano
1516 1163 1824 1230 provinciam
1847 1165 2118 1231 suscipere
2139 1180 2248 1217 au-

347 1237 497 1289 deam
511 1277 525 1302 ,
566 1245 618 1289 et
636 1238 860 1306 denique
880 1240 1001 1306 quia
1025 1237 1275 1292 librorum
1294 1278 1308 1301 ,
1349 1242 1440 1306 qui
1464 1238 1700 1291 Hebraea
1728 1240 1900 1306 lingua
1922 1241 2100 1307 scripti
2123 1242 2248 1293 fue-

343 1321 493 1378 runt,
532 1315 909 1383 exemplaribus
946 1316 1307 1379 destituimur,
1349 1316 1466 1367 ideo
1498 1315 1620 1368 huie
1655 1318 1860 1382 negotio
1897 1318 2245 1385 supersedere

342 1392 497 1442 malo.
553 1393 796 1445 Attamen
818 1407 877 1445 ea
896 1399 1072 1445 notare
1092 1399 1238 1461 puto,
1263 1406 1398 1459 quae
1414 1392 1480 1445 ad
1501 1407 1677 1445 meum
1695 1394 1996 1448 institutum
2015 1398 2243 1449 maxime

342 1468 563 1532 faciunt,
593 1468 658 1523 de
678 1470 881 1541 quibus
900 1470 955 1523 in
972 1468 1341 1539 sequentibus.

344 1704 521 1770 CAP.
574 1704 681 1771 xl.
770 1707 1081 1791 lnquiritur
1123 1730 1196 1771 an
1245 1710 1507 1792 apostoli
1552 1712 1850 1794 epistolas
1903 1732 2050 1774 suas
2104 1718 2241 1775 tan-

2300 1498 2330 1544 „t

2327 1662 2329 1798 Ι

342 1823 518 1883 quam
556 1802 819 1884 apostoli
854 1811 917 1866 et
951 1803 1312 1885 prophetae,
1351 1827 1424 1868 an
1465 1827 1604 1868 vero
1640 1813 1919 1889 tanquam
1955 1807 2242 1870 doctores
2328 1813 2329 1826 ¹

382 1896 742 1978 scripserint.
830 1897 1069 1960 Deinde
1104 1899 1516 1981 apostolorum
1553 1900 1806 1964 officium
1843 1902 2188 1964 ostenditur.

440 2067 605 2118 Nemo
626 2067 717 2133 qui
738 2082 930 2121 novum
950 2076 1318 2122 testamentum
1338 2070 1490 2138 legit,
1513 2069 1750 2123 dubitare
1769 2079 1940 2139 potest
1961 2071 2236 2139 apostolos

338 2143 616 2209 prophetas
636 2144 815 2198 fuisse.
856 2145 1045 2198 Verum
1066 2148 1190 2213 quia
1213 2147 1491 2215 prophetae
1515 2163 1618 2201 non
1635 2163 1840 2216 semper
1853 2163 1912 2200 ex
1926 2149 2237 2200 revelatione
2328 2153 2329 2162 ¹

338 2219 711 2286 loquebantur,
736 2224 827 2274 sed
847 2229 1023 2275 eontra
1043 2223 1326 2276 admodum
1347 2239 1459 2276 raro
1477 2264 1490 2287 ,
1514 2227 1646 2277 utin
1667 2225 1768 2278 flue
1787 2239 1901 2293 cap.
1927 2227 1975 2278 1.
1997 2225 2238 2278 ostendi-

338 2311 461 2348 mus
480 2297 563 2366 ¹),
604 2298 841 2352 dubitare
860 2314 1146 2367 possumus
1160 2341 1175 2365 ,
1217 2315 1344 2354 num
1365 2302 1588 2369 apostoli
1606 2311 1854 2370 tauquam
1876 2302 2154 2369 prophetae
2173 2317 2238 2354 ex

338 2374 642 2428 revelatione
662 2383 715 2428 et
732 2390 971 2443 expresso
990 2379 1248 2440 mandato,
1273 2381 1538 2442 munseo,
1558 2380 1806 2431 Ieremias
1827 2387 1878 2430 et
1893 2379 1998 2442 alii,
2024 2393 2088 2431 an
2107 2393 2234 2432 vero
2328 2401 2329 2426 ÷

336 2457 585 2516 tanquam
605 2454 806 2518 privati,
821 2453 898 2504 vel
918 2454 1151 2506 doctores
1172 2457 1418 2522 epistolas
1438 2457 1762 2524 scripserint:
1786 2457 2084 2521 praesertim
2105 2457 2232 2523 quia

336 2525 391 2577 in
412 2528 564 2592 epist.
581 2529 645 2581 ad
658 2529 889 2581 Corinth.
904 2531 948 2581 1.
972 2531 1098 2598 Cap.
1115 2531 1200 2583 14.
1221 2547 1269 2582 v.
1283 2533 1334 2584 6.
1371 2533 1566 2584 Paulus
1580 2533 1682 2584 duo
1697 2531 2025 2599 praedicandi
2040 2549 2232 2600 genera

336 2602 529 2654 indicat
541 2642 556 2665 ,
578 2623 650 2656 ea.-
665 2608 987 2658 revelatione
1006 2623 1194 2670 unum,
1215 2625 1288 2659 eoe
1305 2612 1607 2674 cognitione
1625 2610 1870 2669 alterum;
1910 2619 2064 2677 atque
2087 2611 2228 2673 ideo,

337 2678 549 2745 inquam
566 2720 579 2742 ‚
607 2681 949 2734 dubitandum
966 2723 979 2745 ,
1004 2700 1070 2735 an
1089 2687 1140 2735 in
1161 2686 1396 2751 epistolis
1416 2687 1740 2753 prophetent,
1761 2703 1827 2739 an
1847 2701 1966 2739 vero
1983 2688 2228 2740 doceant.

2328 2429 2329 2490 ι

2327 2515 2329 2590 l

2327 2591 2329 2674 1

335 2755 389 2808 2.
428 2757 619 2809 Verum
640 2761 686 2810 si
708 2759 771 2810 ad
792 2773 966 2810 earum
986 2761 1178 2828 stylum
1197 2761 1456 2814 attendere
1475 2763 1741 2827 volumus,
1765 2780 1882 2816 eum
1904 2779 1932 2815 a
1951 2765 2080 2830 stylo
2103 2779 2232 2830 pro-
2328 2763 2329 2772 ’

335 2830 540 2899 phetiae
558 2833 939 2888 alienissimum
964 2838 1310 2892 inventemus.
1382 2842 1511 2893 Nem
1539 2841 1803 2910 prophetis
1823 2841 2229 2894 usitatissimum
2327 2873 2329 2914 3

438 3037 483 3090 ⁸)
509 3036 610 3082 vid.
628 3049 731 3094 oap.
753 3040 792 3081 1.
812 3041 855 3093 ς.
874 3040 941 3083 47.
