2350 3475
356 60 476 121 148
752 64 1147 112 'rueramus
1183 50 1840 113 ‘rusonoaroo-rou‘r.

352 242 601 296 lectiones
620 244 769 311 signa
792 244 1320 313 profundissimorum
1339 245 1698 311 mysteriorum
1717 258 1833 296 esse
1851 243 2052 295 dieunt.
2090 243 2246 295 Idem

354 321 419 372 de
439 322 725 374 asterismis
740 361 753 383 ‚
792 323 883 387 qui
904 323 957 373 in
978 323 1151 373 medio
1170 322 1492 390 paragrapho
1511 324 1578 377 28
1599 320 1869 386 habentur,
1891 322 2242 382 contendunt,

352 398 459 454 imo
478 399 531 450 in
550 396 679 465 ipsis
698 398 937 463 apicibus
956 399 1223 451 literarum
1243 414 1428 465 magna
1449 414 1632 453 areana
1655 399 1922 451 contineri.
1971 398 2058 450 34.
2083 398 2243 461 Quod

350 490 477 529 sane
508 490 573 528 an
602 491 659 529 ex
686 475 905 527 stultitia
934 482 986 527 et
1012 476 1137 528 anili
1167 476 1466 538 devotione,
1511 492 1572 529 an
1605 483 1776 529 autem
1796 490 1857 528 ex
1873 476 2170 541 arrogantia
2193 483 2246 526 et

348 552 575 616 malitia,
614 560 675 603 ut
708 553 807 603 Dei
842 566 1029 605 areana
1066 554 1167 605 soli
1203 552 1392 605 habere
1430 553 1787 617 crederentur,
1829 553 1954 605 haee
1991 553 2240 613 dixerint,

320 630 525 685 -neseio
539 645 577 705 ςχ
593 627 689 681 hoe
716 629 901 682 saltem
930 632 1062 692 scio,
1108 645 1192 683 me
1233 630 1364 682 nihil
1402 630 1540 696 quod
1572 644 1818 681 areanum
1845 629 2103 693 redoleat,
2149 631 2244 682 sed

346 713 548 761 tantum
567 707 795 773 pueriles
816 709 1155 773 cogitationes
1172 708 1310 774 apud
1331 708 1458 759 istos
1478 707 1683 773 legisse.
1761 707 1885 772 Legi
1905 707 2062 758 etiam
2081 715 2136 757 et
2158 710 2245 758 in-

346 796 509 849 super
526 784 646 835 novi
665 793 943 851 nugatores
962 785 1164 852 aliquos
1183 783 1536 846 Kabbalistas‚
1575 798 1796 849 quorum
1817 784 2074 835 insaniam
2093 799 2244 836 nun-

348 873 509 925 quam
528 861 703 913 mirari
724 865 851 913 satis
869 862 1033 929 potui.
1106 862 1194 913 35.
1232 861 1386 925 Quod
1409 869 1580 913 autem
1605 860 1850 920 mendae,
1888 862 1964 912 utl
1985 860 2239 924 diximus,

348 938 667 1003 irrepserint,
688 938 955 991 neminem
972 940 1086 989 sani
1108 938 1287 991 iudicii
1307 937 1543 990 dubitare
1563 938 1734 1000 credo,
1759 938 1850 1003 qui
1871 944 2064 990 textum
2085 938 2242 991 illum
2314 932 2315 971 ³

352 1014 499 1065 Sauli
528 1012 710 1081 (quem
740 1018 841 1067 iam
872 1032 929 1067 ex
958 1014 1081 1067 libr.
1105 1016 1155 1067 1.
1176 1016 1405 1067 Samuel.
1431 1014 1545 1082 cap.
1570 1015 1653 1068 13.
1682 1029 1731 1066 v.
1753 1017 1837 1068 11.
1869 1013 2244 1084 allegavimus)

349 1090 491 1155 legit,
514 1098 565 1141 et
582 1093 734 1143 etiam
754 1108 887 1145 vers.
908 1096 963 1148 2.
986 1106 1101 1160 cap.
1116 1093 1165 1144 6.
1190 1093 1414 1147 Samuel.
1438 1091 1558 1143 libr.
1573 1094 1626 1143 2.
1649 1103 1864 1159 nempe:
1903 1091 1982 1141 Et
1993 1096 2245 1143 surrexit

348 1171 403 1215 at
420 1169 522 1218 ivit
534 1168 721 1220 David
734 1176 789 1221 et
805 1172 973 1221 omnia
993 1170 1224 1237 populus
1237 1207 1251 1231 ,
1289 1171 1384 1236 qui
1413 1171 1519 1235 ipat·
1542 1168 1732 1219 aderat
1749 1184 1820 1219 ex
1836 1168 1968 1219 Iuda
1981 1206 1995 1230 ‚
2035 1175 2100 1221 ut
2115 1171 2244 1221 inde

348 1244 633 1309 auferrent
658 1262 839 1298 aream
857 1248 979 1297 Dei.
1054 1248 1219 1299 Nemo
1249 1246 1332 1298 hie
1351 1246 1509 1297 etiam
1531 1260 1633 1296 non
1655 1244 1825 1297 videre
1845 1252 2017 1313 potest
2035 1246 2236 1311 locum,
2314 1248 2315 1251 ’

348 1335 454 1386 quo
476 1322 683 1387 iverant,
716 1337 901 1390 nempe
921 1323 1091 1389 KirJ'at
1108 1322 1331 1375 leharim
1349 1324 1416 1387 ¹),
1448 1321 1588 1373 unde
1609 1336 1778 1373 aream
1801 1322 2084 1385 auferrent,
2119 1338 2242 1376 esse
2314 1328 2315 1339 ¹

349 1399 627 1451 omissum.
700 1400 788 1454 36.
825 1401 933 1453 Neo
953 1402 1107 1453 etiam
1130 1414 1318 1465 negare
1339 1414 1636 1467 possumus,
1659 1399 1800 1465 quod
1822 1414 1869 1452 v.
1891 1398 1978 1450 3⁷.
2001 1412 2120 1467 eap.
2155 1404 2240 1453 13.

350 1476 493 1526 Sam.
524 1474 646 1527 libr.
666 1477 718 1531 2.
750 1476 1081 1543 perturbatus
1110 1484 1161 1528 et
1189 1485 1458 1528 truncatus
1483 1477 1579 1537 sit,
1619 1476 1850 1528 seilicetz
1889 1476 1967 1527 Et
1981 1478 2246 1529 Absalom

332 1552 501 1617 fug-it
526 1555 728 1618 ivitque
756 1552 829 1603 ad
850 1553 1212 1604 Ptolemaeum
1230 1554 1416 1619 filium
1443 1552 1712 1603 Hamilmd
1736 1566 1918 1618 regem
1947 1551 2146 1617 Germ,
2193 1560 2251 1605 et

348 1628 681 1694 luoeitfilt'um
698 1643 850 1678 auum
871 1630 1107 1679 omnibus
1126 1629 1326 1694 diebu-r,
1349 1634 1406 1680 et
1419 1629 1839 1695 Abaalomsugit
1852 1631 2054 1696 ivitque
2069 1629 2248 1683 Germ·

348 1706 649 1772 mansitque
666 1706 747 1756 ibt·
762 1709 872 1756 tres
888 1720 1053 1758 amos
1065 1706 1139 1775 ²).
1213 1708 1279 1758 Et
1307 1705 1373 1757 ad
1395 1705 1533 1759 hune
1551 1703 1764 1759 modum
1785 1706 1894 1760 seio
1915 1720 1996 1759 me
2012 1709 2246 1762 antehae

452 1893 495 1944 1)
532 1887 703 1948 Kivy‘at
726 1889 967 1946 Ieglmrim
996 1897 1190 1938 vocatur
1217 1893 1358 1937 etiarn
1385 1891 1564 1948 Bahgal
1593 1892 1794 1950 lehuda3
1833 1892 1956 1939 unde
1974 1893 2168 1940 Kimchi
2200 1903 2246 1941 et

350 1951 431 1996 alii
450 1956 640 2009 putant,
658 1951 863 2008 Babgale
882 1952 1060 1998 lehuda
1076 1985 1089 2010 ‚
1109 1953 1236 2010 quod
1256 1951 1332 1998 hio
1352 1952 1566 1998 transtuli
1588 1965 1646 1994 ex
1659 1951 1846 2008 populo
1864 1951 2040 2010 Iudae,
2061 1967 2244 2001 nomen

350 2039 456 2074 ease
474 2027 649 2084 oppidi.
706 2028 793 2074 Sed
816 2028 1066 2088 falluntur-3
1105 2030 1216 2086 quia
1245 2001 1408 2102 5532}
1433 2029 1628 2085 pluralis
1649 2035 1721 2076 est
1739 2030 1936 2074 numeri.
1991 2029 2184 2076 Deinde
2205 2034 2244 2078 si

352 2113 429 2160 hio
448 2113 685 2158 Samuelis
705 2113 981 2160 textus'cum
1004 2127 1059 2159 eo
1074 2148 1086 2168 ‚
1109 2115 1190 2171 qui
1210 2121 1282 2160 est
1301 2105 1472 2160 in'libr.
1494 2117 1534 2156 1.
1553 2113 1758 2170 Paralip.
1781 2117 1844 2168 (e.
1865 2117 1931 2156 1³.
1950 2127 1992 2159 v.
2011 2118 2096 2171 5.)‚
2121 2129 2244 2163 eon-

351 2174 553 2224 ieratur‚
572 2173 835 2220 videbimus
848 2205 861 2228 .,
886 2173 1011 2230 quod
1030 2174 1176 2219 David
1199 2186 1289 2219 non
1309 2175 1562 2220 surrexerit
1579 2179 1628 2218 et
1645 2175 1833 2220 exiverit
1851 2187 1907 2220 ex
1924 2173 2108 2231 Bahgal
2122 2209 2136 2232 ‚
2157 2178 2246 2222 sed

350 2234 477 2290 quod
496 2245 553 2278 eo
572 2233 721 2278 iverit.
778 2232 955 2288 Quodsi
974 2240 1139 2279 auetor
1159 2233 1390 2278 Samuelis
1409 2233 1516 2278 libri
1537 2234 1693 2279 loeum
1713 2233 1880 2279 saltem
1902 2234 2116 2280 indicare
2136 2242 2244 2282 stu-

350 2293 519 2348 duerit,
538 2293 661 2337 unde
680 2293 825 2336 David
847 2304 1005 2336 aream
1026 2293 1238 2347 abstulit,
1260 2300 1357 2338 tum
1379 2299 1429 2336 ut
1443 2292 1672 2338 Hebraiee
1690 2292 1977 2351 loqueretur,
1997 2294 2070 2339 sio
2090 2295 2245 2342 dixis-

350 2359 445 2398 set:
466 2351 529 2396 Ec
546 2351 757 2395 turrea-it
774 2356 819 2393 et
835 2351 1093 2408 profectus
1112 2357 1183 2394 est
1193 2351 1352 2395 David
1369 2359 1455 2397 eto.
1476 2363 1534 2393 ιω
1545 2350 1910 2408 Bahgalludae,
1929 2357 1974 2394 et
1991 2351 2107 2397 inde
2129 2354 2245 2398 aba-
2314 2371 2315 2374 ¹

350 2411 465 2454 tulit
484 2425 649 2456 aream
669 2411 769 2456 Dei.
826 2411 913 2467 Sp.

452 2491 499 2542 2)
528 2489 689 2536 Gallus
710 2491 936 2546 interpres
956 2489 1049 2535 alio
1070 2489 1282 2545 exemplo
1295 2489 1522 2545 Spinozae
1541 2487 1657 2533 usus
1675 2488 1792 2534 haee
1811 2489 1948 2534 add-2
1969 2488 2142 2544 „Ceux
2163 2494 2244 2550 qui

350 2563 403 2595 se
430 2555 539 2595 sont
565 2549 711 2596 melos
739 2551 797 2594 de
824 2555 1115 2594 commenter
1142 2561 1196 2594 ee
1225 2555 1369 2602 texte,
1407 2549 1522 2592 l'ont
1549 2549 1730 2605 corrige
1757 2549 1816 2594 de
1843 2555 1964 2594 oette
1982 2556 2145 2596 sorte:
2183 2553 2246 2596 Et

348 2609 573 2652 Abmlom
591 2607 797 2664 a'enfm‘t
815 2613 861 2650 et
879 2621 928 2650 ae
945 2608 1097 2650 ratim
1118 2607 1229 2650 cher
1247 2607 1455 2650 Ptole'me'
1472 2605 1561 2664 fils
1583 2605 1876 2650 d'Hamr'hud
1893 2607 1967 2651 τοι·
1983 2610 2040 2651 de
2065 2609 2246 2662 Gener,
2314 2617 2315 2662 j

350 2668 411 2711 01⁸oe
438 2667 479 2710 il
502 2670 725 2711 demeum
755 2667 871 2710 trois
891 2681 1005 2720 am,
1045 2675 1092 2711 et
1109 2667 1270 2710 David
1287 2668 1463 2722 plera-a
1490 2681 1574 2709 aon
1594 2665 1683 2723 fils
1703 2672 1808 2708 tout
1827 2667 1870 2711 le
1899 2673 2081 2722 temps,
2127 2672 2251 2730 qu't‘l
2314 2663 2315 2670 ¹

338 2727 437 2788 fut
456 2725 489 2769 ὸ
510 2725 676 2770 Gerar.
732 2729 850 2774 Mais
877 2729 919 2774 si
942 2731 1057 2774 e’est
1082 2727 1129 2772 la
1149 2739 1204 2772 ee
1223 2738 1316 2784 que
1334 2727 1427 2772 l’on
1448 2726 1632 2784 appelle
1652 2728 1954 2784 interpreter,
1985 2734 2033 2773 et
2059 2731 2144 2777 s’il
2175 2738 2247 2778 est

349 2789 525 2845 permis
544 2788 601 2832 de
620 2801 672 2832 se
692 2788 871 2832 donner
888 2794 1011 2834 eette
1036 2788 1216 2832 lieenee
1244 2787 1359 2831 dans
1387 2786 1682 2843 l'exposition
1709 2787 1768 2832 de
1795 2787 2072 2844 l’Eeriture‚
2107 2798 2161 2836 et
2189 2792 2248 2836 de

349 2854 621 2902 transpoaer
646 2847 704 2891 de
731 2846 777 2891 la
804 2853 931 2892 sorte
960 2848 1043 2892 des
1070 2846 1266 2902 phrases
1296 2851 1398 2890 tout
1416 2847 1642 2902 entiores,
1671 2847 1764 2893 soit
1781 2858 1840 2892 en
1857 2845 2076 2903 ajoutant
2095 2863 2166 2896 ou
2189 2865 2248 2898 en

350 2905 650 2950 retranehant
667 2905 871 2964 quelque
890 2907 1051 2956 chose,
1067 2907 1254 2960 j’avoue
1273 2905 1387 2961 qu’il
1407 2912 1478 2952 est
1497 2908 1670 2962 permis
1691 2907 1748 2950 de
1768 2918 2040 2964 eorrompre
2059 2907 2244 2955 l'Ecri-

350 2971 453 3009 ture
472 2965 594 3010 etde
613 2966 679 3010 lui
700 2967 877 3010 donner
894 2977 1078 3011 comme
1097 2965 1125 3008 a
1146 2976 1210 3008 un
1231 2976 1455 3011 moreeau
1473 2967 1531 3011 de
1552 2967 1647 3011 oire
1669 2972 1830 3011 autaut
1849 2966 1907 3012 de
1927 2967 2133 3030 formes,
2147 2983 2245 3027 que

348 3021 443 3069 l’on
462 3022 693 3070 vomita-‘⁴
