2350 3475
863 117 998 164 cai».
1044 119 1104 163 v.
1840 118 1921 178 ⁷9

39 295 192 348 nullis
227 308 356 348 sane
389 293 596 362 legibus
631 294 882 362 indigeret
917 295 1165 358 societas,
1226 296 1319 348 sed
1366 295 1603 352 absolute
1648 299 1924 362 sufficeret,

39 373 278 424 homines
312 387 434 424 vera
467 371 778 424 documenta
811 371 1024 424 mot-elia
1059 371 1276 435 docere,
1332 379 1389 424 ut
1425 381 1609 440 sponte
1644 376 1841 440 integro
1876 382 1931 428 et

41 449 231 502 liberali
269 450 443 506 animo,
479 447 560 511 id,
609 447 749 513 quod
783 462 898 500 vere
931 449 1058 502 utile
1093 458 1212 511 est,
1272 457 1500 516 agerent.
1590 452 1676 507 21.
1733 453 1927 504 Verum

43 528 186 592 longe
222 526 370 578 aliter
405 539 526 578 cum
562 525 788 578 bumana
824 531 1002 584 natura
1037 528 1379 580 constitutum
1411 533 1507 580 est.
1581 529 1777 582 Omnes
1806 530 1931 594 qui-

44 604 160 654 dem
195 618 356 659 suum
390 602 517 654 utile
551 609 832 668 quaerunt3
886 610 938 654 at
972 603 1187 656 minime
1224 619 1283 656 ex
1316 619 1476 656 sanae
1511 605 1726 657 rationis
1764 605 1931 658 dieta-

45 681 209 742 mine,
248 680 341 731 sed
378 679 754 747 perplurimum
783 693 840 729 ex
868 679 977 731 sola
1003 680 1219 732 libidine
1246 688 1297 732 et
1330 682 1493 735 animi
1520 681 1799 746 ,affectibus
1834 682 1931 736 ab-

46 757 172 821 repti
193 756 338 823 (qui
378 756 574 811 nullam
612 757 857 822 temporis
895 755 1055 808 futuri
1093 758 1417 824 aliarumque
1461 773 1631 810 rerum
1678 760 1929 810 rationem

47 832 264 900 habent)
288 847 372 885 res
399 839 652 901 appetunt
677 832 934 904 utilesque
963 833 1210 886 iudicant.
1281 836 1367 890 22.
1404 836 1542 888 Hinc
1580 835 1664 897 fit,
1704 842 1763 887 ut
1790 836 1931 888 nulla

48 912 266 962 societas
299 911 468 977 possit
499 910 784 962 subsistere
810 909 1010 976 absque
1039 911 1253 978 imperio
1282 917 1337 962 et
1360 913 1435 976 vi,
1477 918 1530 964 et
1556 919 1933 979 consequenter

47 987 248 1053 legibus
261 1025 278 1048 ‚
315 1001 449 1053 quae
467 986 740 1038 hominum
757 985 1028 1044 libidinem
1047 995 1203 1053 atque
1220 987 1523 1040 effrenatum
1543 989 1793 1056 impetum
1814 1005 1933 1042 mo-

32 1064 288 1122 derentur
315 1070 370 1116 et
393 1063 676 1116 cohibeant.
743 1065 860 1114 Non
888 1070 1060 1116 tamen
1087 1063 1312 1118 bumana
1344 1072 1527 1118 natura
1556 1068 1745 1132 patitur
1770 1066 1933 1120 abso-

48 1142 156 1192 inte
171 1155 230 1192 se
249 1141 390 1207 cogi,
411 1147 487 1206 et,
509 1149 568 1192 ut
586 1143 779 1194 Seneca
799 1142 1047 1206 ‘tragicus
1066 1141 1135 1192 ait
1145 1141 1203 1208 *)
1220 1181 1233 1203 ,
1258 1142 1516 1205 „violenta
1538 1145 1755 1210 imperia
1776 1157 1931 1196 nemo

49 1219 302 1272 continuit
327 1217 447 1278 diu;
491 1217 749 1270 moderata
778 1218 1028 1269 durant.“
1103 1219 1285 1280 Quam.
1304 1217 1394 1270 diu
1423 1222 1561 1271 enim
1598 1221 1835 1272 homines
1874 1235 1933 1272 ex

49 1296 160 1346 solo
183 1301 327 1347 metu
345 1300 530 1360 agunt,
571 1301 674 1356 tam
694 1295 784 1347 diu
803 1294 884 1354 id,
923 1294 1064 1360 quod
1079 1296 1301 1346 maxime
1322 1294 1534 1357 nolunt,
1574 1297 1797 1358 faciunt,
1834 1311 1932 1350 nee

49 1373 300 1422 rationem
317 1371 552 1424 utilitatis
571 1378 621 1424 et
639 1372 959 1424 necessitatis
980 1372 1051 1424 rei
1071 1372 1301 1436 agendae
1318 1378 1508 1433 tenent,
1548 1371 1641 1424 sed
1660 1373 1714 1424 id
1733 1380 1931 1426 tantum

49 1456 260 1508 curant,
300 1462 366 1498 ne
393 1448 574 1516 capitis
609 1455 702 1500 aut
734 1449 976 1515 supplicii
1015 1449 1086 1500 rei
1114 1449 1219 1498 sint
1254 1448 1465 1500 scilicet.
1536 1451 1647 1500 lmo
1674 1441 1777 1502 non
1806 1464 1933 1515 pos-

50 1532 179 1580 sunt
201 1524 338 1577 malo
353 1531 446 1578 aut
462 1524 650 1580 damno
670 1526 1018 1591 imperatorie,
1059 1525 1431 1590 quamviscum
1452 1539 1549 1579 suo
1570 1540 1757 1593 magno
1778 1528 1933 1580 etiam

51 1601 222 1663 malo,
278 1615 381 1652 non
427 1606 598 1662 tamen
643 1602 817 1654 laetari
853 1603 1060 1669 ipsique
1093 1603 1266 1654 omnia
1303 1601 1437 1656 mala
1471 1616 1658 1669 cupere
1694 1610 1779 1667 et,
1836 1603 1932 1658 ubi

51 1685 318 1745 poterunt,
369 1677 588 1734 adferre
651 1679 912 1732 Homines
951 1679 1136 1732 deinde
1173 1679 1301 1731 nibil
1337 1680 1513 1730 minus
1548 1680 1654 1747 pati
1690 1689 1930 1748 possunt,

52 1771 208 1822 quam
237 1756 352 1807 suis
379 1756 681 1821 aequalibus
719 1758 908 1809 servire
943 1766 994 1809 et
1017 1756 1084 1809 ab
1112 1758 1176 1808 iis
1205 1757 1331 1823 regi.
1403 1757 1641 1823 Denique
1670 1758 1799 1809 nihil
1828 1759 1933 1813 dii·-

51 1833 266 1904 titilius,
323 1847 480 1898 quam
527 1832 814 1891 libertatem
860 1818 1163 1887 bominibus
1209 1833 1373 1887 semel
1408 1848 1709 1887 concessam
1745 1837 1932 1889 iterum

52 1896 294 1963 adimere.
365 1910 456 1964 23.
491 1911 564 1960 Ex
591 1909 678 1961 bis
703 1911 939 1976 sequitur
963 1912 1158 1977 primo,
1197 1910 1339 1975 quod
1367 1911 1447 1962 vel
1466 1916 1569 1961 tota
1596 1913 1842 1976 societas,
1885 1916 1931 1965 si

52 1986 158 2037 fieri
197 1992 393 2052 potest,
433 1986 759 2053 collegialiter
792 1988 1067 2052 imperium
1104 1993 1277 2040 tenere
1312 1986 1494 2050 debet,
1541 1993 1600 2039 ut
1636 1990 1712 2041 sic
1748 2005 1931 2043 omnes

53 2063 152 2114 sibi
181 2069 232 2114 et
261 2076 414 2115 nemo
442 2078 538 2115 suo
569 2063 772 2131 aequali
799 2065 987 2117 servire
1007 2070 1264 2125 teneatur,
1302 2063 1408 2125 vel,
1446 2065 1489 2115 si
1510 2067 1661 2130 pauci
1680 2073 1776 2119 aut
1788 2081 1931 2119 unus

52 2140 197 2191 solus
225 2140 497 2205 imperium
538 2147 732 2203 teneat,
775 2141 822 2192 is
859 2140 1054 2207 aliquid
1089 2155 1249 2206 supra
1284 2154 1615 2194 communem
1651 2141 1931 2195 humanam

52 2215 514 2278 naturam-babere,
541 2216 632 2269 .vel
651 2218 836 2269 saltem
853 2218 1074 2269 summis
1095 2216 1287 2269 viribus
1306 2220 1479 2270 conari
1498 2218 1667 2281 debet,
1707 2220 1857 2287 vulgo
1876 2220 1931 2273 id

50 2292 380 2359 persuadere.
450 2294 548 2349 24.
575 2292 776 2346 Deinde
801 2294 940 2360 leges
969 2295 1024 2345 in
1052 2308 1364 2361 quocunque
1391 2296 1607 2361 imperio
1632 2297 1705 2346 ita
1728 2298 1930 2349 institui

53 2369 261 2431 debent,
300 2377 360 2420 ut
377 2366 614 2425 homines
635 2385 742 2423 non
763 2378 870 2425 tam
889 2377 1050 2433 metu,
1091 2385 1247 2435 quam
1266 2385 1362 2437 spe
1376 2370 1594 2423 alicuius
1613 2371 1755 2436 boni,
1788 2374 1929 2440 quod

53 2448 272 2499 maxime
289 2446 524 2515 cupiunt,
537 2447 884 2508 -retineantur;
915 2447 1012 2499 hoc
1029 2448 1179 2499 enimv
1188 2448 1343 2499 modo
1361 2449 1722 2517 unusquisque
1742 2451 1929 2517 cupide

54 2538 212 2577 suum
231 2523 454 2577 officium
472 2523 642 2575 faciet.
713 2526 799 2579 25.
819 2525 1055 2591 Denique
1073 2526 1317 2591 quoniam
1336 2524 1628 2579 obedientia
1644 2527 1699 2578 in
1718 2541 1780 2578 eo
1800 2542 1929 2579 con-

53 2602 218 2663 sistit,
259 2600 398 2666 quod
435 2598 624 2667 aliquis
659 2600 904 2655 mandata
936 2617 996 2655 ex
1030 2603 1140 2654 sola
1174 2601 1475 2670 imperantis
1509 2604 1807 2656 auctoritate
1836 2619 1928 2657 ex-

55 2684 328 2743 sequatur,
366 2678 488 2731 bine
513 2679 778 2745 sequitur,
819 2679 1033 2734 eandem
1063 2680 1118 2732 in
1157 2680 1426 2740 societate,
1464 2680 1615 2733 cuius
1649 2681 1928 2747 imperium

55 2770 219 2821 penes
241 2768 424 2811 omnes
452 2762 533 2807 est
559 2762 612 2809 et
636 2756 775 2823 leges
801 2756 1141 2811 exeommuni
1159 2769 1420 2811 consensu
1435 2758 1762 2821 sanciuntur,
1804 2760 1927 2811 nul·-

53 2833 160 2885 lum
195 2832 366 2885 locum
401 2831 592 2891 babere
625 2838 700 2895 et,
741 2833 847 2886 sive
879 2833 936 2885 in
970 2832 1062 2884 tali
1086 2834 1327 2885 societate
1354 2832 1495 2899 leges
1528 2842 1813 2901 augeantur
1847 2836 1927 2889 vel

56 2910 380 2973 minuantur,
416 2909 674 2977 populum
698 2909 861 2967 nihilo
889 2910 1261 2977 minu-meque
1273 2909 1499 2963 liberum
1528 2916 1777 2977 manere,'
1804 2915 1931 2979 quia.

154 3081 192 3132 ⁸)
227 3078 326 3123 vid.
348 3079 513 3125 Senec-
534 3078 705 3127 Troad.
721 3083 820 3125 aot»
833 3078 900 3128 Ili
919 3090 963 3125 v·
980 3080 1071 3121 258.
1089 3062 1203 3121 259.’
