2350 3475
376 53 506 119 130
774 55 1165 105 Tmou-arus
1199 52 1853 103 weomarco-rou‘r.

381 250 519 304 quos
546 250 693 302 reges
720 234 951 287 Idumaei
978 233 1282 296 habuerint,
1321 239 1598 301 antequam
1608 232 1777 285 David
1802 248 1892 287 eoa
1911 232 2121 303 subegit
2139 235 2205 305 ¹)
2225 242 2276 288 et

383 314 651 382 praesides
679 314 733 365 in
760 314 877 378 ipsa
902 311 1147 365 Idumaea
1176 312 1442 363 constituit
1469 310 1595 376 (vid.
1629 310 1858 363 Samuel.
1878 309 1971 363 lib.
1989 313 2044 365 2.
2065 325 2194 379 cap.
2217 314 2273 365 8.

374 407 434 444 .v.
453 392 563 455 14.)
630 390 719 447 2⁰.
740 390 815 441 Ex
830 388 912 441 bis
930 388 1105 455 itaque
1122 388 1369 441 omnibus
1387 388 1502 440 luce
1519 388 1799 439 meridiana
1819 388 2006 441 clarius
2021 397 2272 455 apparet,

380 466 765 521 Pentateucbon
793 480 896 517 non
924 480 955 517 a
972 467 1151 527 Mose,
1193 465 1286 519 sed
1313 464 1381 516 ab.
1408 465 1508 517 alio
1535 471 1588 517 et
1613 466 1702 531 qui
1729 480 1758 516 a
1778 467 1924 517 Mose
1943 466 2122 517 multis
2143 475 2280 533 post

382 542 615 599 saeculis
628 543 761 604 vixit,
784 543 1037 610 scriptum
1056 542 1242 595 fuisse.
1305 542 1408 595 Sed
1427 544 1472 595 si
1493 541 1678 610 placet,
1700 542 2022 593 attendamus
2041 544 2280 611 insuper
2342 588 2344 599 .

382 622 448 674 ad
475 620 667 681 libros,
704 630 847 685 quos·
870 620 983 686 ipse
1012 621 1190 673 Moses
1219 620 1428 687 scripsit
1451 626 1504 671 et
1529 620 1620 684 qni
1648 620 1702 669 in
1719 618 2066 671 Pentateucho
2085 610 2272 673 citari·
2341 600 2344 663 4

384 706 494 756 tun
532 710 593 748 ex
619 696 686 750 iis
712 697 843 762 ipsis
878 697 1017 751 enim
1052 696 1336 759 constabit,
1373 711 1465 748 eos
1499 695 1657 758 alica,
1694 708 1848 763 quam
1877 696 2276 749 Pentateucbon
2342 716 2344 783 ᾗ

383 774 569 827 fuisse.
638 774 727 829 21.
764 774 939 825 Primo
973 774 1147 840 itaque
1185 780 1386 826 constat
1419 788 1480 825 ex
1511 772 1672 825 Exod.
1711 787 1824 838 cap.
1857 772 1942 825 17.
1979 786 2114 825 vera.
2154 776 2272 839 14„
2342 796 2344 813 =

382 852 569 903 Mosen
596 864 657 901 ex
672 851 770 903 Dei
799 849 1041 907 mandato
1060 850 1258 903 bellum
1277 856 1452 902 contra
1467 850 1722 903 Hamalek
1740 850 2038 916 scripsissem
2079 851 2134 901 in
2159 864 2280 917 quo
2341 830 2344 903 4

380 935 557 979 autem
583 926 745 989 libro,
784 942 886 979 non
915 934 1117 985 constat
1134 943 1195 980 ex
1211 928 1302 979 illo
1321 930 1436 994 ipso
1459 929 1641 995 capite.
1712 927 1785 978 At
1799 928 2014 980 Numer.
2033 941 2152 993 cap.
2177 930 2278 981 21.

384 1018 518 1057 vers·
544 1004 627 1057 14.
658 1005 842 1057 citatur
862 1005 1073 1070 quidam
1096 1004 1252 1069 liber,
1293 1006 1384 1072 qui
1405 1004 1663 1056 bellorum
1679 1004 1785 1056 Dei
1799 1002 2176 1072 vocabatur-&3
2223 1013 2285 1057 et

382 1082 438 1133 in
466 1081 565 1133 boc
592 1082 709 1133 sine
736 1080 895 1133 dubio
916 1080 1111 1133 bellum
1132 1082 1230 1133 boc
1249 1089 1422 1133 contra
1442 1081 1721 1143 Romami,
1761 1086 1812 1132 et
1829 1088 2092 1147 praeterea
2103 1082 2279 1135 etiam

378 1159 853 1211 castrametationes
883 1158 1264 1226 omnee'(quas
1295 1161 1446 1215 etiam
1475 1165 1653 1211 auctor
1677 1157 2013 1209 Pentateucbi
2042 1158 2277 1211 Numer.

382 1249 497 1301 cap.
522 1235 607 1287 33.
637 1249 771 1289 vers·
790 1237 845 1291 2.
874 1242 1087 1287 testatur
1118 1251 1146 1286 a
1178 1238 1324 1288 Mose
1355 1236 1638 1302 descriptae
1665 1234 1866 1301 fuisse)
1903 1234 2277 1287 narrabantur.
2338 1254 2344 1293 ,·

382 1314 473 1369 22.
510 1311 723 1363 Constat
749 1319 1007 1378 praeterea
1040 1312 1104 1363 de
1130 1314 1228 1363 alio
1247 1314 1301 1363 in
1323 1310 1486 1365 Exod.
1507 1327 1620 1379 cap.
1641 1313 1728 1366 24.
1748 1324 1884 1363 vera.
1904 1314 1957 1363 4.
1978 1311 2030 1363 7.
2051 1313 2144 1378 qui
2168 1326 2280 1365 vo-
2342 1314 2344 1321 '

384 1396 597 1449 cabatur
633 1400 854 1481 hwa-3]
896 1398 1101 1477 Ἴρῳ-ἵ)
1122 1398 1445 1467 liber-pacti,
1488 1412 1642 1465 quem
1663 1411 1831 1449 coram
1852 1396 2100 1449 Israelitis
2119 1396 2278 1465 legit,

386 1491 596 1558 quando
630 1476 858 1558 primum
894 1476 1013 1543 cuin
1048 1492 1159 1542 Deo
1197 1499 1404 1559 paetum
1439 1493 1708 1545 iniverunt.
1751 1490 1852 1543 At
1887 1491 1970 1542 bie
2003 1488 2133 1542 liber
2161 1494 2287 1545 sive

384 1568 511 1619 baec
548 1568 762 1634 epistola
811 1580 973 1633 pauca
1018 1567 1301 1637 admodum
1339 1569 1660 1631 continebat;
1716 1567 1950 1621 videlicet
1983 1568 2121 1633 leges
2161 1571 2288 1621 sive

384 1645 481 1696 Dei
509 1644 651 1695 iussa
669 1682 684 1705 ,
730 1657 861 1710 quae
888 1650 1159 1696 narrantur
1188 1660 1246 1696 ex
1273 1660 1406 1697 vers.
1427 1648 1514 1701 22.
1537 1660 1650 1713 cap.
1671 1646 1759 1701 20.
1787 1645 1951 1697 Exod.
1990 1658 2162 1710 usque
2209 1648 2290 1699 ad

384 1733 499 1787 cap.
520 1722 609 1774 24.
640 1720 875 1773 eiusdem
900 1721 1045 1787 libri,
1088 1722 1228 1789 quod
1261 1738 1415 1774 nemo
1442 1722 1640 1775 inficias
1669 1722 1791 1787 ibit,
1833 1724 1924 1790 qui
1943 1734 2068 1774 sano
2089 1721 2288 1790 aliquo

380 1797 579 1848 iudicio
598 1803 648 1848 et
664 1799 779 1850 aine
797 1801 1020 1866 partium
1040 1799 1214 1852 studio
1235 1800 1552 1866 praedictum
1574 1808 1727 1868 caput
1744 1800 1940 1869 legerit.
2011 1799 2099 1854 23.
2129 1801 2287 1851 Nar-
2341 1765 2344 1886 4

386 1881 527 1925 ratur
546 1875 683 1926 enim
704 1874 805 1938 ibt,
844 1877 1013 1943 quod,
1044 1877 1281 1928 simulac
1299 1879 1474 1929 Moses
1494 1879 1799 1930 sententiam
1820 1877 1998 1946 populi
2017 1875 2290 1928 intellexit
2342 1891 2344 1922 ι

386 1951 452 2002 de
477 1950 707 2003 ineundo
734 1967 852 2004 cum
872 1955 981 2005 Deo
1012 1960 1186 2021 pacto,
1219 1955 1392 2006 statim
1409 1955 1507 2007 Dei
1538 1955 1739 2022 eloquia
1771 1961 1822 2007 et
1849 1956 1960 2006 iura
1988 1953 2204 2020 scripsit
2226 1961 2284 2006 et
2341 1951 2344 2028 J

489 2121 533 2172 1)
567 2119 605 2163 A
626 2131 719 2176 quo
738 2125 948 2177 tempore
968 2134 1119 2180 usque
1136 2123 1196 2168 ad
1216 2123 1389 2169 lorami
1411 2135 1603 2180 regnum
1617 2155 1630 2182 ‚
1661 2135 1755 2180 quo
1783 2122 1843 2167 ab
1873 2133 1928 2167 eo
1950 2122 2286 2168 discesserunt

386 2178 538 2234 (Gall.
567 2179 739 2236 auquel
767 2178 835 2225 les
865 2181 1115 2228 idumeens
1144 2195 1196 2227 se
1225 2183 1504 2229 revolterent
1530 2185 1589 2228 de
1608 2195 1697 2228 aon
1717 2183 2014 2232 obelssanee)
2041 2183 2069 2222 2
2087 2181 2209 2237 Reg.
2233 2185 2280 2236 8,
2342 2177 2344 2236 4

388 2243 457 2285 20.
470 2269 484 2290 ,
505 2240 730 2286 Idumaea
748 2251 881 2296 reges
900 2253 993 2286 non
1012 2242 1204 2296 habuit,
1225 2243 1308 2286 sed
1328 2243 1586 2298 praesides,
1605 2255 1630 2286 a
1651 2241 1840 2287 Iudaeis
1861 2241 2118 2297 constituti,
2137 2244 2279 2297 regis
2341 2255 2344 2294 ε

391 2299 549 2346 locum
570 2299 851 2356 supplebant
870 2301 978 2352 (vid.
1002 2305 1023 2344 ι
1044 2303 1153 2358 Reg.
1175 2304 1244 2358 22,
1265 2304 1378 2358 4803
1417 2307 1462 2346 et
1487 2301 1594 2346 ideo
1615 2301 1868 2348 Idumaeae
1893 2311 2085 2358 praeses
2103 2302 2132 2341 2
2149 2299 2279 2358 Reg.

389 2362 433 2414 3,
452 2361 492 2401 9.
513 2371 593 2404 rex
612 2359 888 2416 appellatur.
940 2361 1006 2406 An
1036 2369 1192 2406 autem
1223 2361 1412 2407 ultimus
1442 2361 1772 2408 Idumaeorum
1793 2373 1953 2416 regum
1975 2371 2174 2416 regnare
2195 2361 2281 2406 in-

393 2419 531 2475 cipit,
560 2425 811 2476 antequam
831 2419 942 2464 Saul
970 2433 1051 2466 rex
1070 2426 1254 2466 creatus
1273 2421 1438 2477 suerit,
1468 2433 1528 2465 an
1550 2433 1657 2466 vero
1677 2420 1914 2478 Scriptura
1933 2420 1980 2465 in
2000 2419 2090 2465 boc
2108 2417 2281 2466 Gene-

392 2490 501 2524 aeoa
537 2479 687 2536 capite
723 2490 856 2536 reges
892 2479 1216 2533 solummodo,
1253 2480 1333 2537 qui
1370 2479 1525 2524 invicti
1561 2480 1790 2535 obierint,
1829 2481 2013 2526 tradere
2046 2478 2281 2538 voluerit,

392 2537 569 2594 ambigi
598 2545 766 2594 potest.
820 2539 1037 2586 Ceterum
1065 2541 1096 2584 ii
1124 2539 1264 2597 plane
1291 2545 1549 2596 nugantur,
1588 2539 1668 2597 qui
1697 2540 1888 2593 Mosen,
1926 2538 2005 2610 qui
2041 2539 2279 2585 divinitus
2341 2547 2344 2612 j

394 2597 715 2643 Hebraeorum
754 2599 1000 2656 imperium
1037 2612 1065 2644 a
1100 2599 1400 2645 monarchiae
1439 2601 1629 2646 omnino
1657 2600 1915 2646 abhorrens
1943 2599 2172 2649 instituit.
2219 2602 2277 2645 ad

393 2667 555 2712 regum
567 2657 891 2704 Hebraeorum
910 2657 1173 2714 catalogum
1194 2659 1370 2704 referre
1388 2659 1562 2706 volunt.
1584 2657 1736 2716 (Gall.
1759 2660 1817 2705 de
1836 2664 2002 2705 mettre
2019 2655 2192 2715 moyse
2217 2673 2280 2705 au

390 2716 589 2763 nombre
606 2718 688 2764 dea
707 2719 802 2764 roi:
820 2717 1081 2770 flebreux.)
1134 2715 1225 2774 Sp.
2342 2717 2344 2732 ⁵

489 2813 533 2865 ²>
578 2807 726 2896 nin}
760 2781 1005 2898 metr?
1033 2809 1178 2900 Ἴρῳ.

492 2923 536 2974 3)
573 2923 665 2967 NB.
704 2921 846 2978 '¹190
877 2922 1047 2982 sepher
1079 2923 1315 2970 Hebraico
1348 2923 1612 2982 significare
1649 2922 1836 2980 saepius
1874 2920 2133 2979 epistolam
2175 2926 2280 2970 eive

390 3007 625 3056 chartam.
680 3004 767 3067 Sp.
787 3009 808 3032 ⁸
