2350 3475
396 141 486 200 82·
799 141 1193 192 uacua-trs
1229 142 1888 192 Tuaonoatco-Pom'r.

394 330 836 377 contentarum
875 325 1252 376 necessaria
1283 324 1389 376 sit.
1460 325 1715 378 Utautem
1736 319 2301 375 bocluminenaturali

395 404 752 469 investigetur,
791 404 866 453 sic
887 401 1269 468 procedendum
1291 401 1505 452 videtur.

497 481 582 532 35.
623 480 679 530 si
716 480 836 544 quis
871 479 1171 531 hominibus
1212 478 1409 545 aliquid
1443 476 1663 539 suadere
1698 477 1773 528 vel
1812 475 2120 528 dissuadere
2156 476 2290 537 vult,
2338 505 2340 556 ἱ

396 558 539 623 quod
563 571 656 622 per
683 571 742 607 se
771 563 949 607 notum
980 571 1087 608 non
1117 562 1222 618 est,
1264 556 1311 606 is
1328 593 1343 617 ‚
1382 560 1443 605 ut
1468 553 1521 604 id
1549 554 1705 605 iidem
1732 553 2139 620 amplectantur,
2178 567 2295 604 rem

395 648 546 684 suam
569 648 628 684 ex
647 634 910 685 concessis
929 633 1185 685 deducere
1203 647 1399 698 eosque
1418 631 1727 697 experientia
1748 631 1825 681 vel
1856 630 2049 682 ratione
2067 631 2295 681 convin-

396 723 508 761 cere
545 709 722 772 debet,
764 723 950 776 nempe
987 725 1047 761 ex
1084 711 1269 772 rebus,
1310 723 1442 776 quas
1478 720 1571 774 per
1606 721 1797 760 sensus
1832 708 2025 774 experti
2068 715 2198 758 sunt
2240 709 2295 756 in

397 793 579 837 natura
607 787 926 852 contingere,
966 787 1044 839 vel
1073 802 1132 838 ex
1157 787 1425 838 axiomatis
1455 784 1888 837 intellectualibus
1918 799 2009 850 per
2038 797 2097 835 se
2124 786 2293 835 notiS.

394 863 468 914 At
486 863 589 914 nisi
608 865 912 929 experientia
934 864 1052 915 talis
1069 865 1154 926 sit,
1180 871 1239 914 ut
1256 864 1391 914 clare
1411 870 1462 914 et
1482 863 1723 913 distincte
1742 862 2074 926 intelligatur,
2098 871 2295 926 qnam-

395 941 474 993 vis
491 939 752 992 hominem
774 942 1040 992 convincat
1058 981 1072 1002 ,
1113 955 1216 991 non
1244 948 1417 991 tamen
1448 940 1635 1006 poterit
1652 939 1764 1005 ipsa
1784 938 2105 990 intellectum
2124 951 2297 1003 aeque

399 1017 598 1069 afficere
625 1018 846 1084 eiusque
875 1015 1092 1069 nebulas
1125 1017 1405 1083 dissipare,
1447 1031 1507 1068 ac
1535 1031 1697 1083 quum
1730 1029 1813 1067 res
1831 1015 2063 1066 docenda
2081 1029 2143 1066 ex
2158 1015 2299 1066 solis

397 1095 662 1146 axiomatis
681 1093 1116 1147 intellectualibus
1132 1133 1146 1155 ,
1171 1093 1269 1144 boc
1291 1100 1388 1156 est,
1410 1108 1471 1145 ex
1488 1093 1599 1144 sola
1619 1094 1805 1144 virtute
1822 1091 2115 1144 intellectus
2138 1092 2297 1142 eius-

397 1187 498 1238 que
525 1173 578 1223 in
599 1171 929 1238 percipiendo
949 1170 1130 1222 ordine
1153 1169 1453 1232 deducitur,
1493 1171 1794 1237 praesertim
1824 1171 1869 1222 si
1897 1169 2131 1234 quaestio
2152 1167 2221 1219 de
2242 1185 2297 1220 re

2338 469 2340 484 4

2340 868 2342 936 l

2336 983 2343 1042 l

399 1248 676 1316 spirituali,
717 1254 768 1299 et
786 1263 918 1314 quae
939 1247 1040 1299 sub
1059 1261 1250 1299 sensus
1270 1247 1415 1298 nullo
1436 1247 1591 1298 modo
1610 1245 1771 1308 cadit,
1810 1246 1896 1297 sit.
1970 1246 2057 1297 36.
2094 1247 2295 1297 Verum
2343 1301 2344 1326 Χ

398 1329 520 1392 quia
539 1325 604 1377 ad
624 1339 707 1376 res
728 1340 787 1377 ex
804 1326 936 1376 solis
955 1323 1261 1377 notionibus
1281 1323 1719 1375 intellectualibus
1740 1322 2103 1375 deducendum
2138 1323 2296 1389 longa

397 1404 786 1472 perceptionum
823 1403 1175 1454 concatenatio
1212 1401 1517 1468 saepissime
1565 1401 1870 1466 requiritur,
1932 1406 1985 1450 et
2024 1406 2297 1466 praeterea

399 1484 552 1534 etiam
584 1493 789 1532 summa
818 1480 1141 1545 praecautio,
1182 1478 1377 1543 ingenii
1406 1478 1775 1552 perspicacitas
1804 1483 1855 1528 et
1880 1490 2085 1529 summa
2124 1480 2301 1528 conti-
2342 1539 2344 1548 Ι

399 1559 600 1621 nentia,
641 1570 774 1622 quae
805 1555 977 1606 omnia
998 1568 1110 1606 raro
1129 1556 1184 1605 in
1204 1554 1501 1607 bominibus
1520 1555 1874 1621 reperiuntur;
1912 1553 2029 1605 ideo
2048 1553 2299 1605 homines

397 1635 464 1686 ab
483 1634 790 1699 experientia
817 1629 988 1681 doceri
1018 1629 1243 1693 malunt,
1287 1645 1443 1697 quam
1474 1646 1655 1683 omnes
1684 1645 1807 1683 suas
1842 1631 2209 1697 perceptiones
2240 1647 2301 1683 ex

398 1710 580 1779 paucis
607 1705 950 1760 axiomatibus
981 1706 1237 1760 deducere
1266 1715 1315 1761 et
1344 1709 1560 1761 invicem
1588 1715 1943 1761 concatenare.
2014 1709 2103 1761 37.
2142 1710 2299 1761 Unde

398 1787 636 1854 sequitur
649 1826 664 1849 ‚
706 1783 846 1851 quod
863 1785 909 1835 si
930 1785 1050 1849 quis
1069 1784 1356 1837 doctrinam
1378 1786 1605 1852 aliquam
1624 1788 1873 1853 integram
1894 1786 2157 1837 nationem
2173 1825 2188 1848 ,
2230 1803 2301 1839 ne

399 1865 566 1916 dicam
586 1863 884 1914 universum
907 1861 1191 1913 humanum
1212 1878 1379 1929 genus
1394 1903 1409 1926 ,
1450 1864 1635 1915 docer'e
1652 1872 1705 1915 et
1724 1863 1788 1915 ab
1807 1863 2055 1923 omnibus
2072 1864 2299 1929 intelligi

399 1942 533 2002 vult3
569 1942 614 1993 is
641 1952 751 1991 rem
779 1953 929 1991 suam
957 1939 1066 1990 sola
1095 1941 1404 2006 experientia
1430 1941 1735 1993 confirmare
1762 1944 1989 2003 tenetur,
2032 1942 2299 1993 rationes-

399 2034 501 2085 que
537 2032 662 2070 suas
700 2024 942 2069 etrerum
977 2015 1332 2069 docendarum
1368 2017 1695 2070 definitiones
1740 2018 1805 2069 ad
1842 2025 2051 2085 captum
2096 2017 2295 2085 plebis,

401 2110 534 2163 quae
557 2095 830 2150 maximam
851 2093 1064 2145 humani
1083 2096 1286 2159 generis
1307 2103 1507 2160 partem¹
1522 2097 1806 2161 componit,
1840 2096 2058 2147 maxime
2078 2108 2297 2146 accom-

401 2172 638 2234 modare,
660 2186 764 2222 non
781 2178 954 2222 autem
974 2184 1063 2221 eas
1083 2179 1417 2223 concatenare
1434 2210 1448 2234 ,
1474 2184 1643 2237 neque
1665 2171 1989 2224 definitiones
2004 2210 2018 2233 ,
2048 2178 2209 2237 prout
2231 2174 2297 2223 ad

399 2252 622 2303 rationes
649 2247 838 2300 melius
867 2248 1313 2299 concatenandnm
1342 2251 1656 2310 inserviunt,
1694 2248 1923 2310 traderc;
1964 2248 2093 2299 alias
2126 2248 2297 2299 doctis

401 2334 604 2379 tantum
639 2324 858 2388 scribet,
907 2324 1006 2376 hoc
1040 2332 1150 2386 est,
1196 2340 1225 2377 a
1264 2327 1597 2392 paucissimis
1631 2332 1831 2377 tantum
1869 2324 2202 2387 bominibus,
2250 2328 2298 2376 si

401 2418 522 2457 cnm
558 2403 770 2469 reliquis
805 2409 1194 2468 comparentur,
1234 2404 1420 2469 poterit
1454 2402 1691 2469 intelligi.
1775 2404 1861 2455 38.
1901 2404 2078 2466 Quum
2114 2404 2299 2468 itaque

399 2488 504 2533 tota
543 2481 803 2547 Scriptura
837 2480 892 2529 in
929 2492 1084 2531 usum
1120 2481 1346 2545 integrae
1383 2481 1606 2532 nationis
1637 2482 1809 2547 prius,
1852 2486 1904 2531 et
1928 2479 2137 2531 tandem
2168 2482 2298 2531 uni-

401 2561 534 2611 versi
554 2557 766 2609 humani
793 2556 995 2622 generis
1025 2556 1241 2608 revelata
1268 2557 1447 2618 fuerin
1488 2558 1779 2609 necessario
1806 2570 1892 2621 ea,
1935 2570 2067 2623 quae
2092 2557 2147 2607 in
2178 2558 2295 2623 ipsa

403 2637 752 2696 continentur,
794 2633 856 2684 ad
889 2640 1096 2700 captum
1121 2633 1291 2701 plebis
1330 2635 1546 2686 maxime
1582 2633 1959 2686 accommodari
1994 2630 2299 2685 debuerunt

404 2720 454 2765 et
471 2713 580 2764 sola
609 2711 914 2778 experientia
945 2711 1289 2778 comprobari.
1360 2713 1489 2763 Rem
1517 2710 1705 2763 clarius
1732 2711 2064 2777 explicemus.
2142 2712 2297 2774 Quae

413 2791 675 2855 Scriptura
729 2787 912 2839 docere
958 2789 1095 2851 vult,
1154 2804 1289 2855 quae
1342 2788 1505 2839 solam
1560 2788 1963 2855 speculationem
2018 2794 2295 2854 spectant,

403 2867 530 2918 haec
557 2865 886 2931 potissimum
917 2872 1067 2926 sunt3
1106 2880 1295 2933 nempe
1325 2865 1435 2917 dari
1466 2867 1636 2917 Deum
1663 2867 1771 2917 sive
1786 2880 1911 2927 ens,
1954 2864 2095 2929 quod
2114 2867 2297 2917 omnia

404 2943 525 2993 fecit
559 2948 610 2992 et
645 2955 852 2993 summa
885 2943 1139 3008 sapientia
1173 2942 1350 3007 dirigit
1382 2950 1433 2994 et
1468 2949 1726 2994 sustentat
1758 2949 1811 2993 et
1839 2939 1978 3008 quod
2016 2942 2295 2993 bominum

407 3028 667 3071 summam
685 3017 838 3069 babet
853 3032 1058 3081 curam,
1099 3032 1289 3085 nem-pc
1308 3032 1485 3071 eorum
1500 3056 1514 3081 ,
1554 3021 1645 3085 qui
1672 3021 1757 3086 pie
1784 3026 1837 3071 et
1862 3020 2078 3071 honeste
2097 3020 2291 3083 vivant,

408 3094 635 3164 reliquos
690 3101 862 3147 autem
916 3095 1094 3149 multis
1141 3096 1415 3164 suppliciis
1460 3098 1609 3164 punit
1653 3104 1707 3149 et
1747 3110 1777 3149 a
1828 3094 2003 3149 bonis=
2032 3104 2292 3165 segregat.
