2350 3475
381 107 506 168 250
779 112 1167 162 TRACTATUS
1206 113 1605 160 'simomaco
1618 115 1861 160 -PoLl‘r,

381 289 454 341 At
489 303 550 342 eo
588 288 791 343 sublato
825 289 955 348 nihil
989 290 1164 342 minus
1200 290 1369 344 facere
1395 291 1590 358 potuit,
1631 305 1787 358 quam
1814 291 2031 344 formam
2060 289 2269 358 imperii

381 375 602 420 mutare.
673 366 775 420 Sed
813 374 934 434 post
965 369 1193 421 multum
1228 369 1542 434 sanguinem
1568 367 1795 420 effusum
1820 368 1926 420 huc
1962 375 2267 435 perventum

379 451 488 506 est,
525 451 584 496 ut
611 457 774 498 novus
801 443 1077 496 monarcha
1103 445 1205 496 alio
1225 446 1431 498 nomine
1450 446 1757 498 salutaretur
1772 443 1953 514 (quasi
1975 453 2081 498 tota
2098 459 2267 510 quae-

379 522 480 573 stio
510 520 574 574 dc
600 521 714 573 solo
739 521 950 574 nomine
979 521 1222 591 fuisset),
1264 523 1355 589 qui
1376 522 1515 574 nulla
1534 522 1733 574 milone
1750 523 2025 589 persistere
2044 530 2264 588 poterat,

378 600 478 650 nisi
508 599 722 665 stirpem
743 598 935 663 regiam
955 601 1162 666 penitus
1182 598 1399 653 delendo
1413 638 1428 660 ‚
1462 600 1597 665 regis
1616 599 1809 653 amieos
1826 601 1907 652 vel
1924 600 2153 652 amicitia
2166 613 2269 650 su·-

379 681 584 742 spectos
603 673 832 742 necnndo
846 713 860 738 ,
893 683 944 728 et
970 680 1132 729 otium
1152 678 1295 744 pacis
1306 714 1323 742 ,
1356 675 1655 728 rumoribus
1675 685 1853 743 aptum
1866 714 1879 739 ,
1910 675 2047 728 bello
2066 672 2271 727 distur-

378 751 577 814 bando,
615 757 674 803 ut
707 749 856 817 plebs
891 755 1040 806 novis
1071 753 1231 806 rebus
1258 761 1505 821 occupatu
1534 760 1584 804 et
1610 754 1809 806 intenta
1836 754 2169 820 cogitationes
2199 753 2269 804 de

379 827 536 881 caede
564 829 703 893 regia
721 827 823 881 allo
847 828 1136 884 diverteret.
1210 833 1297 883 34.
1337 832 1465 884 Sero
1483 831 1643 897 igitur
1662 831 2021 884 animadvertit
2039 830 2268 897 populus

379 919 438 957 se
465 919 560 972 pro
585 905 754 957 salute
782 907 974 972 patriae
999 907 1124 958 nihil
1152 907 1294 960 aliud
1322 909 1539 970 fecisse,
1580 921 1737 974 quam
1768 908 1853 960 ius
1882 907 2093 973 legitimi
2129 908 2269 973 regis

377 982 566 1036 violare
594 996 782 1048 resque
809 997 992 1036 omnes
1020 986 1073 1035 in
1095 985 1326 1052 peiorem
1356 992 1547 1037 statum
1576 991 1796 1036 mutare.
1869 985 2005 1050 Ergo
2022 983 2267 1052 gradum,
2322 991 2331 1018 ¹

356 1058 471 1111 -ubi
489 1058 656 1122 licuit,
697 1073 930 1113 revocare
961 1061 1214 1125 decrevit,
1254 1076 1350 1114 nec
1376 1062 1597 1127 quievit,
1638 1059 1805 1114 donec
1822 1063 2069 1113 omnlain
2086 1062 2269 1128 pristi-

379 1151 506 1188 num
535 1150 694 1189 suum
721 1143 913 1189 statum
942 1144 1227 1190 restaurata
1258 1139 1385 1192 vidit
1400 1139 1475 1207 ¹).
1547 1140 1633 1190 35.
1668 1136 1745 1191 At
1772 1137 1949 1191 forsan
1968 1139 2157 1206 aliquis
2174 1153 2271 1189 ex-

379 1213 550 1279 emplo
585 1214 762 1280 populi
801 1216 1022 1266 Romani
1061 1214 1297 1278 obiiciet,
1336 1216 1590 1283 populum
1627 1215 1774 1267 facile
1800 1229 1955 1281 posse
1988 1223 2269 1283 tyrannum

383 1305 412 1342 e
447 1290 619 1342 medio
651 1292 828 1344 tollere
840 1291 918 1359 ²).
993 1291 1096 1343 Sed
1117 1306 1213 1358 ego
1242 1292 1425 1344 eodem
1456 1301 1686 1345 nostram
1714 1293 2022 1344 sententiam
2050 1294 2269 1344 omnino

380 1367 670 1420 confirmari
699 1369 954 1421 existimo.
1025 1370 1155 1421 Nam
1178 1370 1417 1436 quamvis
1435 1369 1661 1436 populus
1677 1371 1945 1422 Romanus
1962 1369 2115 1436 longe
2134 1369 2271 1420 faci-

375 1445 482 1496 lius
509 1453 781 1512 tyrsnnum
811 1460 840 1497 e
869 1444 1042 1498 medio
1068 1447 1248 1498 tollere
1276 1453 1329 1498 et
1344 1446 1561 1499 formem
1580 1446 1783 1512 imperii
1804 1453 2001 1499 mutare
2020 1448 2267 1512 potuerit,

379 1530 648 1591 propterea
687 1520 827 1589 quod
861 1523 949 1574 ius
988 1537 1158 1588 regem
1197 1523 1417 1589 eiusque
1456 1537 1811 1576 successorem
1846 1523 2065 1589 eligendi
2104 1537 2275 1589 penes

379 1601 551 1665 ipsum
571 1600 826 1666 populum
855 1607 980 1666 erat,
999 1608 1052 1652 et
1071 1600 1213 1668 quod
1231 1601 1363 1668 ipse,
1394 1606 1573 1668 utpote
1604 1615 1664 1652 ex
1689 1600 1953 1652 seditiosis
1970 1605 2023 1652 et
2040 1599 2278 1665 flagitio-

376 1677 450 1728 sis
487 1675 787 1729 hominibus
825 1676 1105 1741 conflatuS,
1157 1676 1389 1729 nondum
1439 1676 1647 1744 regibus
1684 1675 1893 1729 obedire
1930 1684 2275 1729 consueverat

383 1753 529 1821 (nam
552 1768 609 1806 ex
629 1768 744 1815 sex,
776 1768 910 1819 quos
929 1762 1076 1806 antea
1096 1753 1373 1816 habuerat,
1407 1760 1511 1807 tres
1534 1754 1908 1822 interfecerat);
1946 1761 2121 1807 tamen
2140 1753 2277 1805 nihil
2330 1747 2332 1783 ³

379 1830 520 1881 eliud
549 1830 696 1892 fecit,
739 1843 895 1895 quam
923 1830 1040 1883 loco
1071 1831 1231 1883 unius
1258 1831 1433 1898 plures
1461 1838 1703 1897 tyrannos
1730 1832 1944 1897 eligere,
1982 1832 2073 1898 qni
2091 1832 2274 1897 ipsum

379 1914 585 1959 externo
613 1914 664 1958 et
683 1908 883 1959 interno
902 1905 1040 1960 bello
1061 1908 1249 1959 misere
1268 1906 1563 1960 conflictum
1582 1922 1789 1976 semper
1804 1908 2099 1960 habuerunt
2116 1947 2129 1969 ‚
2170 1907 2274 1958 do-

379 1998 473 2035 nec
504 1984 707 2036 tandem
735 1986 1010 2051 imperium
1035 1984 1227 2036 iterum
1252 1986 1307 2037 in
1337 1985 1692 2048 monarcham,
1732 1991 1939 2037 mutato
1968 1987 2121 2037 ctiam
2154 1991 2276 2034 tan-

379 2068 520 2123 tum,
559 2067 618 2112 ut
635 2063 688 2114 in
704 2062 917 2127 Anglia,
959 2064 1199 2123 nomine,
1228 2062 1403 2114 cessit.
1476 2063 1565 2116 36.
1606 2062 1757 2126 Quod
1782 2069 1955 2114 autem
1976 2061 2039 2113 ad
2060 2061 2275 2113 ordines

378 2138 686 2191 Hollondine
705 2140 911 2201 attinet,
944 2139 996 2190 hi
1017 2152 1333 2205 numquam,
1365 2139 1506 2205 quod
1528 2140 1725 2192 scimus
1742 2178 1755 2199 ,
1790 2154 1934 2205 reges
1954 2136 2273 2198 habuerunt,

377 2214 470 2267 sed
491 2216 724 2278 comites,
748 2218 801 2268 in
821 2230 954 2282 qnos
975 2231 1261 2283 numquam
1281 2217 1365 2267 ius
1384 2218 1587 2282 imperii
1606 2215 1915 2269 translatum
1937 2215 2055 2266 fuit.
2110 2216 2271 2277 Nam,

379 2301 438 2343 ut
471 2293 571 2359 ipsi
610 2300 970 2360 praepotentes
1007 2293 1215 2345 ordines
1248 2292 1559 2345 Hellandiae
1588 2294 1641 2344 in
1670 2292 1995 2353 inductione,
2034 2297 2277 2358 tempore

377 2370 582 2421 comitis
600 2372 918 2437 Leycestrlae
936 2369 1002 2421 ab
1022 2371 1152 2437 ipsis
1173 2370 1311 2423 edita
1324 2371 1377 2435 ²)
1393 2408 1406 2433 ,
1430 2369 1600 2437 palam
1621 2370 1846 2433 faciunt,
1866 2368 1967 2421 sibi
1986 2371 2276 2422 auctorita-

379 2456 482 2499 tem
507 2461 712 2513 semper
741 2454 1128 2499 reservaverunt
1151 2447 1217 2498 od
1246 2446 1452 2498 eosdem
1480 2447 1693 2498 comites
1730 2448 1815 2499 sui
1857 2446 2009 2499 officii
2044 2460 2277 2497 monen-

379 2525 532 2586 dum,
573 2532 624 2576 et
644 2530 947 2592 potestatem
969 2522 1074 2575 sibi
1096 2526 1417 2576 retinuerunt
1436 2524 1500 2575 ad
1521 2523 1653 2576 hanc
1672 2538 1819 2576 sunm
1842 2524 2205 2576 auctoritatem
2226 2530 2277 2575 et

379 2604 563 2654 civium
585 2600 874 2654 libertatem
894 2599 1298 2663 defendendum,
1334 2614 1553 2667 seseque
1574 2602 1639 2653 de
1658 2600 1862 2663 iisdem,
1885 2604 1931 2652 sl
1950 2600 2003 2652 in
2022 2607 2277 2665 tyrannos

378 2678 772 2744 degenerarent,
812 2676 1178 2733 vindicandum
1215 2684 1265 2729 et
1298 2690 1389 2729 eos
1424 2678 1495 2729 lta
1522 2678 1879 2743 retinendum,
1918 2683 1979 2729 ut
2004 2677 2139 2731 nihil
2168 2679 2280 2729 nisi

481 2891 526 2943 ι)
554 2889 654 2933 vid.
676 2888 830 2936 Caroli
852 2890 911 2945 1.,
932 2887 1217 2947 Cromveun,
1238 2887 1391 2934 Caroli
1405 2890 1467 2937 11.
1482 2888 1699 2935 historias
1720 2889 1843 2945 apud
1853 2889 2065 2934 Rotteck.
2078 2888 2278 2947 allgem.

381 2948 550 2995 Gescli.
572 2955 684 2994 tom.
708 2948 807 2995 vn.
830 2960 933 3005 cap.
951 2950 992 2993 ⁶.
1014 2949 1055 3001 §-
1075 2950 1142 2993 34.
1163 2960 1270 3006 sqq.
1292 2956 1406 2995 tom.
1428 2948 1555 2996 vm.
1576 2960 1678 3005 cap.
1697 2950 1737 2993 3.
1761 2949 1801 3001 §-
1821 2951 1862 2991 8.
1885 2960 1989 3006 sqq.

479 3011 524 3058 2)
551 3007 652 3052 vid.
673 3007 787 3052 Livii
809 3007 916 3055 hist.
937 3009 977 3063 1,
996 3010 1062 3051 tio.
1085 3009 1152 3061 11,
1173 3012 1213 3051 1.
1233 3019 1339 3065 sqq.

480 3070 525 3120 8)
554 3067 656 3112 vid.
678 3068 888 3113 Botteck.
909 3066 1097 3124 allgem.
1121 3066 1290 3114 Gesch.
1316 3076 1428 3115 tom.
1451 3068 1552 3115 vu.
1573 3081 1675 3126 cap.
1695 3070 1736 3113 5.
1757 3070 1799 3123 ς.
1818 3071 1885 3113 1⁰.
