2350 3475
413 81 494 140 42
657 85 662 90 “
814 83 1207 129 TRAGTATUS
1244 79 1902 126 THEoLomco-Pom‘r.

412 262 488 312 De
517 261 632 318 eius
659 267 834 312 autem
864 263 1042 312 natura
1073 259 1203 310 nihil
1230 257 1370 310 aliud
1401 257 1602 320 docuit,
1642 272 1797 324 quam
1830 257 1969 324 quod
2001 258 2069 310 sit
2090 259 2310 311 miseri-

414 352 548 402 cors,
581 337 839 403 beuignus
860 346 958 389 etc.
981 339 1254 388 et'summe
1273 335 1537 402 zelotypus
1550 373 1567 400 ,
1608 344 1665 386 ut
1679 349 1741 385 ex
1758 335 1997 400 plurimis
2016 335 2145 388 locis
2165 337 2310 388 Pen-

414 415 638 483 tateuchi
668 421 888 466 constat.
961 414 1164 466 Deinde
1194 412 1411 464 credidit
1439 419 1489 464 et
1508 412 1705 473 docuit,
1741 411 1837 463 boc
1857 427 1951 464 ens
1970 411 2034 463 ab
2052 413 2310 464 omnibus

413 493 530 544 aliis
547 490 756 544 entibus
777 492 844 542 ita
867 489 1072 542 differre
1085 529 1100 553 ,
1141 497 1202 541 ut
1231 481 1372 542 nulla
1390 489 1617 556 imagine
1634 489 1854 541 alicuius
1875 490 1949 540 rei
1967 491 2107 541 visae
2126 500 2312 555 posset

411 570 652 636 exprimi,
692 581 789 620 nec
825 569 984 624 etiam
1020 567 1209 629 videri,
1249 581 1351 618 non
1391 574 1493 618 tam
1529 573 1739 634 propter
1776 567 1849 618 rei
1888 568 2307 632 repugnantiam,

414 660 572 716 quam
603 652 810 711 propter
842 643 1120 696 humanam
1149 643 1579 704 imbecillitatem3
1618 651 1670 694 et
1694 650 1957 710 praeterea
1985 645 2185 696 ratione
2202 660 2308 710 po—

413 723 628 783 tentiae,
667 720 926 787 singulare
956 722 1032 773 vel
1062 723 1277 773 unicum
1307 735 1442 794 esse.
1517 721 1601 771 37.
1640 720 1911 772 Concessit
1940 721 2152 790 quidem
2194 721 2310 775 dari

413 799 546 850 entia
565 837 578 859 ,
603 813 733 863 quae
755 797 898 862 (sine
917 797 1075 850 dubio
1096 813 1154 850 ex
1173 797 1353 849 ordine
1372 806 1423 849 et
1441 797 1682 849 mandato
1700 797 1826 866 Dei)
1846 799 2009 851 vicem
2035 799 2133 851 Dei
2154 813 2311 865 gere-

409 874 563 940 bant,
607 873 702 926 hoc
723 883 832 937 est,
873 877 1010 928 entia
1029 874 1227 940 quibus
1247 875 1392 936 Deus
1410 874 1761 928 auctoritatem
1776 914 1791 939 ,
1832 877 1916 928 ins
1934 882 1990 928 et
2018 878 2307 941 potentiam

411 951 554 1004 dedit
584 952 648 1003 ad
677 951 972 1018 dirigendas
999 953 1238 1005 nationes
1266 951 1317 1004 e't
1342 953 1408 1004 iis
1429 951 1803 1017 providendum
1824 960 1876 1004 et
1895 943 2212 1012 curandum,
2200 969 2212 981 ·
2256 961 2310 1003 at

411 1029 508 1082 boc
537 1044 661 1092 ens,
702 1029 1038 1095 quodacolere
1065 1029 1407 1092 tenebantur,
1437 1039 1702 1082 summum
1734 1037 1789 1082 et
1810 1044 2115 1096 supremum
2131 1031 2307 1080 Deum

411 1107 546 1168 sive,
587 1114 647 1157 ut
665 1107 1020 1162 Hebraeorum
1041 1106 1215 1174 phrasi
1235 1114 1379 1170 utar,
1417 1109 1586 1158 Deum
1618 1107 1831 1158 deorum
1862 1121 1977 1158 esse
2009 1106 2211 1167 docuit,
2256 1114 2311 1156 et

411 1193 527 1244 ideo
562 1193 617 1244 in
649 1194 848 1244 cantico
877 1193 1041 1244 Exodi
1079 1193 1223 1272 (cap.
1248 1194 1333 1244 15.
1366 1205 1414 1244 v.
1439 1194 1554 1260 11.)
1582 1193 1734 1244 dixit:
1776 1169 1959 1253 0583
1993 1187 2305 1282 UD'DD’W?

392 1289 559 1352 mn*
596 1290 717 1355 quis
749 1291 890 1338 inter
923 1287 1047 1339 deos
1085 1290 1167 1338 tui
1200 1287 1421 1352 similis,
1461 1287 1685 1338 lehovaP
1750 1287 1820 1337 Et
1855 1287 1988 1337 Ietro
2026 1285 2179 1352 (cap.
2216 1285 2304 1335 18.

407 1406 454 1443 v
459 1357 574 1444 11’.
589 1392 646 1460 )=
703 1371 1020 1480 manaan·
1027 1371 1164 1453 53η
1222 1391 1372 1481 *unz
1426 1367 1677 1479 blaa-³23
1726 1393 1919 1480 'ng-12
1965 1393 2107 1478 rm
2162 1403 2306 1438 nnnc

407 1488 557 1548 novi,
591 1485 756 1551 quod
789 1459 979 1535 ῙεΙιὸυα
1011 1486 1190 1534 maior
1226 1489 1307 1534 ert
1341 1457 1579 1534 omnibus
1614 1484 1747 1546 άὶίὲς
1795 1482 1892 1535 boc
1931 1489 2038 1546 est,
2088 1482 2301 1532 tandem

409 1577 564 1627 cogor
596 1563 736 1615 Mosi
771 1561 1080 1623 concedere,
1123 1559 1263 1624 quod
1292 1559 1479 1612 lehova
1516 1561 1678 1610 maior
1712 1566 1792 1610 est
1828 1558 2074 1612 omnibus
2110 1558 2213 1610 diis
2250 1567 2303 1609 et

409 1639 638 1704 potentia
669 1637 944 1720 singulari.
1016 1637 1100 1687 An
1139 1650 1257 1688 vero
1286 1637 1465 1689 Moses
1493 1636 1619 1687 haec
1647 1636 1809 1702 entia,
1852 1651 1986 1702 quae
2014 1636 2178 1688 vicem
2203 1638 2301 1688 Dei

411 1715 704 1781 gerebant,
723 1730 751 1766 a
771 1715 882 1766 Deo
901 1721 1068 1765 creata
1087 1726 1205 1765 esse
1226 1713 1526 1777 crediderit,
1565 1711 1791 1766 dubitari
1812 1721 2005 1783 potem
2056 1713 2303 1779 quando-

411 1792 625 1857 quidem
665 1792 730 1843 de
767 1806 947 1842 eorum
986 1792 1247 1843 creatione
1270 1798 1333 1842 et
1379 1792 1631 1859 principio
1677 1792 1831 1854 nihil,
1889 1791 2031 1859 quod
2080 1792 2297 1853 scimus,

409 1870 610 1921 dixerit.
686 1869 770 1920 38.
809 1869 999 1919 Docuit
1017 1876 1307 1934 praeterea
1348 1867 1444 1920 hoc
1471 1883 1567 1921 ens
1595 1870 1852 1921 mundum
1882 1868 2021 1920 hunc
2036 1867 2302 1921 visibilem

409 1960 469 1997 ex
489 1945 614 1996 chao
633 1944 778 2011 (vide
800 1944 931 1995 Gen.
954 1959 1067 2011 cap.
1095 1949 1144 1999 1.
1167 1960 1217 1997 v.
1237 1947 1355 2013 2.)
1342 1962 1391 1998 ιιι
1416 1946 1648 1999 ordinem
1670 1946 1957 2013 redegisse,
1994 1947 2303 2011 seminaque

409 2029 624 2073 naturae
653 2021 933 2084 indidisse,
973 2022 1207 2087 adeoque
1240 2023 1292 2073 in
1323 2025 1493 2075 omnia
1529 2039 1798 2076 summum
1826 2024 1911 2075 ius
1950 2030 2003 2075 et·
2037 2038 2303 2075 summam

409 2095 694 2165 potentiam
733 2098 952 2160 habere,
991 2106 1043 2149 et
1079 2097 1234 2165 (vide
1268 2102 1425 2152 Deut.
1468 2115 1580 2167 cap.
1607 2102 1687 2153 10.
1721 2100 2030 2168 v.14.15.)
2069 2115 2165 2167 pro
2203 2100 2304 2151 hoc

409 2189 620 2226 summo
647 2189 745 2227 suo
779 2177 890 2227 iure
917 2182 968 2226 et
991 2178 1217 2241 potentia
1254 2177 1356 2230 sibi
1384 2178 1479 2229 soli
1508 2176 1861 2229 Hebraeorum
1892 2178 2155 2229 nationem
2192 2178 2305 2229 ele—

406 2253 548 2319 gisse
567 2260 861 2319 certamque
881 2253 1062 2305 mundi
1081 2254 1284 2319 plagam
1308 2255 1445 2315 (vide
1464 2256 1618 2305 Dent.
1640 2268 1753 2320 cap.
1769 2256 1819 2305 4.
1843 2269 1891 2305 v.
1908 2254 1990 2306 19.
2013 2260 2064 2306 et
2084 2268 2199 2320 cap.
2215 2254 2299 2307 32.

407 2344 457 2381 ν.
478 2329 530 2381 8.
552 2330 665 2396 9.),
705 2330 930 2395 reliquas
959 2338 1132 2383 autem
1169 2334 1407 2383 nationes
1444 2338 1495 2382 et
1532 2332 1767 2397 regiones
1805 2332 1941 2383 curis
1966 2330 2301 2396 reliquorum

392 2407 623 2458 'deorum
659 2422 688 2457 a
727 2421 784 2458 se
821 2407 1221 2459 substitutorum
1260 2409 1557 2473 reliquisse3
1598 2415 1649 2458 et
1684 2407 1801 2459 ideo
1829 2410 1973 2460 Deus
2002 2406 2209 2459 Israelis
2250 2416 2304 2458 et

406 2485 551 2536 Deus
571 2484 956 2552 Hierosolymae
976 2485 1227 2552 (Paralip.
1248 2483 1342 2534 lib.
1364 2486 1415 2537 2.
1440 2498 1553 2551 cap.
1569 2484 1651 2549 32.
1674 2500 1723 2535 v.
1740 2484 1874 2553 19.),
1914 2478 2099 2550 reliqui
2112 2490 2301 2535 'autem

410 2562 482 2612 dii
511 2560 820 2627 reliquarum
849 2566 1132 2613 nationum·
1158 2560 1229 2611 dii
1266 2560 1598 2612 vocabantur.
1670 2561 1757 2611 39.
1796 2563 1863 2611 Et
1899 2560 1994 2612 hac
2036 2562 2189 2612 etiam
2234 2560 2301 2612 de

409 2652 565 2689 causa
598 2638 875 2691 credebant
892 2638 1069 2689 ludaei
1090 2639 1347 2702 regionem
1369 2637 1509 2689 illam
1525 2678 1538 2700 ,
1578 2652 1735 2703 qnam
1755 2640 1899 2689 Deus
1920 2637 2021 2689 sibi
2050 2637 2297 2703 elegerat,

409 2715 606 2767 cultum
625 2717 719 2769 Dei
750 2715 1063 2780 singularem
1091 2721 1141 2765 et
1168 2713 1234 2765 ab
1262 2705 1477 2766 aliarum
1507 2716 1774 2780 regionum
1802 2715 1944 2766 cultu
1972 2729 2184 2781 prorsus
2215 2715 2302 2765 di-

408 2792 934 2858 versam‘requirer03
981 2792 1088 2841 imo
1126 2805 1221 2843 nec
1259 2806 1414 2858 posse
1451 2793 1553 2858 pati
1592 2792 1787 2843 cultum
1822 2791 2039 2848 aliorum
2077 2791 2299 2842 deorum

407 2866 946 2937 aliisque'regionibus
966 2868 1255 2935 proprium.
1328 2872 1458 2921 Nam
1479 2877 1656 2935 gentes
1685 2867 1801 2920 illae
1815 2908 1830 2931 ,
1870 2883 2000 2933 quas
2021 2882 2107 2919 rex
2124 2868 2300 2934 Assy-

408 2950 512 3000 riae
531 2949 583 2998 in
603 2945 912 3011 Iudaeorum
939 2952 1100 2998 terras
1128 2945 1301 3009 duxit,
1340 2945 1678 2998 credebantur
1706 2960 1736 2996 a
1766 2944 2008 3009 leonibus
2034 2944 2292 3010 dilaniari,

411 3025 540 3093 quia,
558 3024 755 3075 cultum
777 3022 992 3077 deorum
1012 3022 1153 3076 illius
1171 3032 1335 3077 terrae
1354 3023 1679 3091 ignorabant.
1752 3022 1883 3075 Vide
1902 3022 1994 3075 lib.
2014 3024 2069 3079 2.
2090 3025 2295 3091 Regum
