2350 3475
873 158 1013 204 cal».
1067 161 1179 206 vn.
1850 163 1881 218 1
1898 141 1973 219 1'7'*

87 341 378 408 cogitemus
393 379 407 402 ,
432 352 587 404 quam
606 335 672 388 de
687 336 753 388 iis
768 375 783 398 ,
805 349 936 402 quas
955 343 1134 388 auctor
1153 337 1205 388 in
1229 323 1603 390 mente'habere
1621 340 1867 405 potuerit,
1895 339 1972 392 vel

87 433 217 486 quas
239 426 449 483 tempus
469 421 521 467 et
537 415 740 466 occasio
759 414 995 479 exegerit.
1068 414 1221 476 Quod
1242 414 1453 481 quidem
1475 414 1720 466 omnibus
1740 424 1974 467 constare

88 499 348 548 existimo.
423 493 508 545 61.
547 491 864 558 Saepissime
885 491 1021 542 enim
1043 491 1309 556 contingit,
1342 498 1397 542 ut
1416 492 1710 543 consimiles
1732 492 1974 543 historias

87 576 140 624 in
182 570 404 623 diversis
441 568 590 621 libris
628 569 892 634 legamus,
933 568 998 618 de
1027 566 1222 633 quibus
1251 567 1401 634 longe
1430 569 1687 620 diversum
1722 569 1973 620 iudicium

87 650 310 700 facimus
328 687 343 708 ,
383 661 478 713 pro
501 646 792 696 diversitate
811 645 1007 696 scilicet
1027 645 1331 710 opinionum
1348 685 1363 706 ,
1403 659 1534 711 quas
1555 646 1619 697 de
1640 644 1974 712 scriptoribus

16 777 18 788 ,
88 725 370 776 habemus·
444 725 593 785 Scio,
637 737 720 772 me
747 723 870 773 olim
897 723 950 772 in
982 720 1112 772 libro
1140 722 1369 788 quodam
1398 722 1617 786 legisse,
1656 724 1852 783 virum,
1892 723 1978 772 cui

89 816 279 853 nomen
301 799 684 851 eratOrlandus
704 800 956 858 furiosuS,
979 805 1270 849 monstrum
1293 798 1553 865 quoddam
1574 799 1767 850 alatum
1786 801 1840 850 in
1862 797 1979 850 aere

89 881 280 944 agitare
309 877 476 928 solere
507 883 557 926 et
584 889 926 942 quascunque
955 874 1155 926 volebat
1191 877 1425 942 regiones
1462 875 1815 942 supervolare,
1856 890 1977 927 eum

89 960 351 1022 ingentem
391 967 664 1004 numerum
702 953 972 1003 hominum
1009 958 1060 1002 et
1094 953 1361 1019 gigantum
1400 952 1572 1004 solum
1609 953 1889 1015 trucidare,
1930 959 1981 1004 et

89 1034 184 1084 alia
201 1031 510 1083 huiusmodi
534 1031 907 1096 phantasmata,
933 1043 1066 1094 quae
1087 1030 1283 1081 ratione
1301 1030 1592 1081 intellectus
1612 1031 1764 1096 plane
1781 1029 1980 1095 imper—

91 1109 353 1176 ceptibiiia
375 1115 517 1158 sunt.
591 1107 676 1160 62.
713 1107 851 1158 Huic
874 1111 1047 1157 autem
1077 1107 1403 1157 consimilem
1433 1107 1699 1157 historiam
1720 1107 1771 1157 in
1794 1106 1977 1157 Ovidio

89 1187 150 1238 de
167 1189 366 1237 Perseo
383 1185 603 1250 legeram
621 1185 694 1250 ¹),
719 1191 770 1234 et
785 1184 940 1234 aliam
963 1183 1189 1249 denique
1209 1184 1261 1233 in
1284 1183 1429 1233 libris
1449 1183 1687 1234 Indicum
1709 1187 1761 1232 et
1775 1183 1978 1248 Regum

88 1263 150 1315 de
179 1265 470 1323 sams-one,
509 1260 599 1326 qui
630 1260 775 1310 solus
809 1267 859 1310 et
888 1261 1100 1310 inermis
1129 1259 1289 1309 millia
1320 1259 1587 1310 hominum
1618 1257 1976 1322 trucidavit2),

16 1377 22 1390 2
87 1347 136 1390 et
166 1339 232 1390 de
251 1338 396 1401 Elia,
437 1339 526 1402 qui
557 1352 648 1404 per
677 1341 792 1388 acra
821 1336 1062 1388 volitabat
1091 1343 1142 1387 et
1169 1335 1375 1387 tandem
1407 1337 1569 1402 igneis
1590 1335 1737 1399 equis
1756 1341 1808 1386 et
1826 1349 1979 1385 curru

89 1417 290 1468 coelum
315 1413 553 1482 petiit3).
628 1415 759 1474 Hae,
798 1415 1038 1480 inquam,
1064 1412 1365 1465 consimiles
1388 1413 1539 1478 plane
1559 1411 1801 1462 historiae
1820 1417 1975 1471 sunt;

87 1500 312 1543 attamen
344 1491 493 1556 longe
524 1489 778 1541 dissimile
805 1489 1056 1541 iudicium
1086 1489 1148 1541 de
1179 1503 1489 1556 unaquaque
1508 1488 1754 1539 facimusx
1792 1486 1980 1553 nempe

89 1570 321 1636 primum
351 1581 454 1618 non
485 1567 585 1618 nisi
619 1581 782 1633 nugas
811 1566 1035 1619 scribere
1067 1568 1323 1629 voluisse,
1368 1566 1661 1618 secundum
1686 1572 1859 1615 autem
1897 1578 1981 1615 res

90 1646 356 1712 politicas,
401 1645 608 1697 tertium
631 1643 858 1710 denique
877 1658 1078 1705 sacras;
1123 1645 1325 1710 hocque
1344 1644 1485 1695 nulla
1505 1642 1603 1694 alia
1624 1643 1688 1694 de
1708 1656 1863 1693 causa
1882 1656 1981 1692 no-

88 1721 172 1775 bis
201 1721 586 1789 persuademus
601 1760 616 1785 ‚
657 1734 814 1787 quam
845 1726 1055 1788 propter
1073 1723 1345 1789 opiniones
1361 1762 1375 1785 ,
1416 1735 1549 1788 quas
1568 1721 1632 1772 de
1652 1733 1827 1771 earum
1848 1720 1980 1771 scri-

16 1818 23 1843 ι
89 1800 330 1865 ptoribns
350 1798 624 1851 habemus·
698 1798 784 1851 63.
823 1800 1036 1849 Constat
1053 1801 1261 1865 itaque,
1301 1800 1539 1851 notitiam
1559 1800 1857 1860 auctorum,
1887 1797 1980 1864 qui

89 1892 168 1928 res
199 1876 456 1928 obscuras
484 1881 575 1927 aut
603 1874 863 1926 intellectu
891 1875 1325 1942 imperceptibiles
1364 1877 1709 1942 scripserunt,
1749 1875 1981 1941 apprime

16 2008 18 2021 Ι
89 1953 440 2005 necessariam
469 1966 617 2013 esse,
657 1952 702 2002 si
729 1966 908 2003 eorum
938 1953 1129 2018 scripta
1149 1954 1468 2019 interpretari
1488 1953 1754 2012 volumus;
1796 1951 1981 2002 iisdem

91 2032 248 2081 etiam
275 2029 343 2081 de
371 2029 575 2091 causis,
615 2035 675 2080 ut
700 2043 760 2080 ex
786 2030 939 2080 variis
969 2028 1305 2080 obscurarum
1326 2030 1651 2080 historiarum
1671 2027 1981 2080 lectionibus

16 2140 18 2145 ·
90 2120 236 2159 veras
266 2106 453 2171 eligere
481 2120 790 2173 possemus,
831 2120 1045 2157 necesse
1073 2112 1154 2158 est
1180 2108 1341 2171 scire,
1381 2108 1433 2157 in
1466 2120 1689 2171 quorum
1709 2105 1982 2169 exemplari

90 2185 260 2235 variae
285 2182 382 2233 hae
413 2182 659 2235 lectiones
688 2190 918 2249 repertae
945 2184 1051 2235 siut
1072 2190 1207 2235 etan
1229 2198 1330 2233 uon
1353 2183 1527 2249 plures
1546 2181 1677 2233 aliae
1696 2181 1833 2248 apud
1853 2182 1981 2232 alios

91 2261 302 2313 maioris
323 2260 640 2311 auctoritatis
660 2260 793 2311 viros
811 2274 1044 2326 unquam
1064 2260 1257 2312 suerint
1274 2262 1527 2311 inventae.

193 2338 284 2387 64.
325 2335 446 2387 Alia
474 2336 699 2400 denique
728 2334 1002 2388 difficultas
1033 2338 1285 2403 quosdam
1315 2335 1473 2387 libros
1494 2336 1785 2402 scripturae
1813 2350 1871 2387 ex
1887 2334 1983 2385 hac

16 2414 18 2417 ’
90 2414 340 2465 methodo
376 2412 741 2479 interpretandi
779 2414 833 2463 in
869 2428 929 2464 eo
959 2420 1066 2476 est,
1107 2415 1245 2480 quod
1286 2428 1375 2465 eos
1417 2412 1596 2464 eadem
1634 2414 1839 2479 lingua,
1880 2427 1983 2479 qua

16 2490 18 2523 ἕ
89 2492 323 2557 primum
357 2490 536 2556 scripti
578 2490 814 2553 fuerunt,
855 2504 960 2541 non
995 2489 1301 2543 habeamus.
1370 2490 1704 2555 Evangelium
1731 2492 1869 2540 enim
1898 2504 1985 2541 se-

91 2568 329 2618 cundum
362 2566 684 2621 Matthaenm
723 2574 774 2618 et
809 2567 922 2617 sine
961 2566 1122 2619 dubio
1158 2569 1311 2620 etiam
1356 2567 1571 2634 epistola
1618 2567 1682 2618 ad
1716 2567 1983 2619 Hebraeos

92 2644 349 2696 Hebraice
386 2657 447 2694 ex
483 2644 748 2695 communi
784 2643 1026 2709 opinione
1063 2646 1253 2710 scripta
1290 2651 1443 2709 sunt,
1504 2659 1635 2711 quae
1672 2651 1843 2695 tamen
1880 2659 1984 2695 non

91 2728 315 2773 exstant.
365 2721 442 2770 De
461 2718 590 2773 libro
609 2728 782 2773 autem
803 2720 914 2771 lobi
936 2720 1220 2782 dubitatur,
1244 2736 1347 2788 qua
1367 2722 1542 2788 lingua
1562 2721 1787 2788 scriptus
1806 2720 1981 2772 fuerit.

89 2798 246 2850 Ahen
277 2798 450 2849 Hezra
487 2798 542 2849 in
577 2798 690 2851 suis
725 2800 1110 2850 commentariis
1135 2799 1379 2862 affirmat,
1419 2814 1540 2851 eum
1576 2812 1636 2851 ex
1672 2799 1773 2851 alia
1808 2799 1983 2864 lingua

193 3006 238 3055 1)
275 3001 381 3045 vid.
401 3000 533 3046 ovid.
557 3006 747 3048 metam.
767 3000 798 3045 1.
817 3004 858 3044 4.
881 3015 921 3047 v.
942 3003 1035 3046 614.
1057 3014 1160 3059 sqq.

191 3064 238 3113 2)
278 3062 430 3106 ludio.
453 3074 493 3105 c.
515 3064 579 3101 15.
601 3074 642 3105 v.
667 3065 730 3103 15.
751 3074 822 3119 sq.
860 3071 901 3107 c.
924 3063 987 3105 16.
1011 3075 1050 3107 v.
1070 3064 1138 3104 3⁰.

193 3124 242 3177 a)
279 3126 309 3163 2
327 3122 440 3179 neg.
462 3133 502 3167 c.
521 3123 564 3165 2.
584 3135 626 3167 v.
649 3125 712 3167 ιι.
867 3128 877 3143 ·
