2350 3475
280 160 298 183 x
391 129 520 190 244
790 133 1183 180 ’ramma-us
1220 130 1877 178 Tasonoetco-i’omr.

393 313 482 364 ins
502 311 918 365 transferentium
933 349 948 374 ‚
985 311 1076 363 sed
1103 312 1257 364 etiam
1274 311 1369 362 Dei
1384 349 1397 373 ,
1428 311 1484 362 in
1504 321 1659 377 quem
1678 315 1818 362 esset
1836 305 2285 368 transferendum,

395 391 758 455 requireretur.
829 392 882 446 2.
927 389 1001 440 At
1035 391 1183 441 Deus
1226 397 1401 442 contra
1438 403 1529 456 per
1564 387 1829 455 apostolos
1868 385 2135 446 revelavit,
2184 384 2289 434 Del

393 475 602 532 pactum
634 481 740 518 non
765 466 994 533 amplius
1020 473 1303 519 atramento
1320 505 1333 528 ,
1371 479 1469 517 nec
1494 466 1548 517 in
1570 464 1765 516 tabulis
1783 464 2029 532 lapideis,
2068 462 2166 514 sed
2184 462 2288 512 Dei
2331 507 2332 528 ἢ

391 545 578 611 spiritu
605 545 662 596 in
689 543 842 596 corde
869 542 1108 611 σοι-ἰὴν).
1179 543 1381 598 Deinde
1416 543 1533 594 talis
1569 542 1773 608 imperii
1811 543 1976 594 forma
2010 541 2081 592 iis
2110 539 2289 590 forsan
2331 543 2332 586 3

393 628 594 672 tantum
611 622 756 675 utilis
775 635 894 672 esse
911 629 1115 688 posset,
1139 622 1231 687 qui
1250 619 1353 672 sibi
1374 621 1503 671 solis
1522 620 1725 685 absque
1743 626 1948 672 externo
1968 616 2289 670 commercio

392 698 558 749 vivere
571 736 585 760 ,
618 712 841 764 seseque
862 700 992 750 intra
1013 712 1139 749 suos
1159 698 1348 749 limites
1366 697 1604 750 claudere
1624 704 1677 750 et
1695 711 1724 750 a
1744 697 1941 762 reliquo
1960 694 2085 748 orbe
2106 708 2291 758 segre—

395 775 502 838 gari
520 775 706 838 velint3
745 781 799 826 at
827 776 1040 827 minime
1069 776 1160 837 iis,
1206 773 1403 840 quibus
1422 789 1639 828 necesse
1654 781 1737 827 est
1752 788 1871 827 cum
1892 773 2007 826 aliis
2026 785 2293 825 commer—
2331 773 2332 800 ³

393 851 536 902 cium
552 850 760 903 habere.
835 853 1162 920 Quapropter
1186 853 1303 904 talis
1320 853 1523 922 imperii
1544 853 1710 904 forma
1729 851 2064 920 paucissimis
2080 855 2293 900 tantum
2331 849 2332 852 ’

395 942 454 980 ex
489 941 592 980 usn
629 943 748 981 esse
783 936 974 994 potest.
1047 929 1100 980 3.
1137 931 1332 982 Verum
1370 932 1509 982 enim
1536 945 1683 992 vero,
1722 929 1923 982 tametsi
1952 930 2007 980 in
2036 923 2295 978 omnibns
2331 951 2332 960 κ

393 1004 644 1056 imitabile
661 1021 765 1057 non
789 1007 875 1070 sit,
907 1007 1067 1058 multa
1087 1014 1263 1059 tamen
1284 1007 1471 1060 babuit
1488 1007 1820 1074 dignissima,
1842 1005 2025 1058 salte·
2048 1013 2111 1056 ut
2132 1010 2295 1056 nota-
2331 1015 2332 1032 l

395 1089 596 1144 rentur,
637 1090 690 1134 et
715 1098 851 1150 quae
879 1083 1052 1136 forsan
1081 1085 1273 1136 imitari
1303 1085 1747 1136 consultissimum
1780 1093 1939 1136 esset.
2012 1081 2289 1141 Attamen,

396 1159 520 1224 quia
546 1173 662 1212 men
690 1160 934 1222 intentio,
975 1169 1036 1212 ut
1062 1162 1166 1213 iam
1196 1162 1405 1222 monui,
1446 1177 1549 1213 non
1570 1168 1675 1224 est,
1714 1161 1780 1213 de
1798 1159 2062 1227 republica
2080 1173 2143 1210 ex
2160 1171 2299 1224 pro·
2331 1159 2332 1196 ἰ

395 1235 538 1286 fesso
559 1250 732 1302 agere,
757 1251 938 1290 eorum
957 1239 1207 1305 pleraque
1225 1240 1383 1290 missa
1404 1240 1588 1291 faciam
1606 1277 1619 1302 ‚
1652 1246 1705 1290 et
1720 1245 1923 1290 tantum
1944 1251 2032 1300 ea,
2066 1249 2205 1302 qnae
2228 1234 2297 1286 ad

396 1326 572 1364 meum
603 1327 820 1381 scopum
850 1316 1072 1378 faciunt,
1113 1315 1330 1378 notabo:
1370 1328 1561 1384 nempe
1588 1315 1730 1384 quod
1756 1323 1937 1366 contra
1956 1315 2051 1365 Dei
2070 1326 2298 1379 reguum

395 1403 498 1440 non
521 1398 744 1456 pugnet,
774 1406 1036 1445 summam
1066 1393 1386 1446 maiestatem
1408 1394 1620 1460 eligere,
1644 1407 1776 1458 quae
1796 1405 2062 1444 summum
2080 1389 2298 1458 imperii

396 1467 482 1517 ius
509 1465 711 1518 habeat.
783 1471 836 1520 4.
873 1471 1004 1522 Nam
1032 1477 1307 1536 postquam
1330 1470 1555 1522 Hebraei
1576 1485 1729 1522 suum
1754 1471 1907 1521 insin
1926 1469 2093 1518 Deum
2116 1473 2301 1517 trans-—

398 1543 654 1606 tulerunt,
689 1545 773 1596 ins
802 1559 1068 1599 summum
1099 1548 1387 1616 imperandi
1407 1549 1543 1600 Mosi
1565 1547 1907 1608 tradiderunt,
1942 1545 2143 1611 quique
2160 1544 2298 1595 adeo

397 1621 544 1672 solus
580 1623 936 1682 auctoritatem
974 1623 1156 1676 habuit
1191 1626 1331 1690 leges
1369 1625 1467 1676 Dei
1502 1625 1713 1676 nomine
1748 1621 2007 1674 condendi
2046 1627 2097 1672 et
2136 1620 2300 1672 abro—

397 1698 578 1763 gandi,
624 1711 890 1751 sacrorum
919 1701 1187 1754 ministros
1204 1702 1454 1768 eligendi,
1490 1701 1784 1764 indicandi,
1817 1698 2035 1752 docendi
2054 1705 2108 1751 et
2127 1699 2300 1749 casti-

399 1774 576 1839 gandi,
601 1783 654 1826 et
671 1775 919 1828 omnibus
941 1777 1168 1845 denique
1188 1782 1358 1830 omnia
1380 1778 1615 1831 absolute
1632 1777 1937 1845 imperandi.
1998 1779 2050 1829 5.
2086 1776 2300 1828 Deinde

401 1850 574 1915 quod,
633 1853 872 1918 quamvis
926 1868 1191 1906 sacrorum
1236 1856 1464 1908 ministri
1506 1856 1676 1922 legum
1722 1856 2027 1921 interpretes
2076 1853 2295 1915 fuerint,

401 1942 580 1980 eorum
611 1936 780 1980 tamen
813 1942 918 1981 uon
947 1938 1085 1995 erat,
1127 1934 1263 1985 cives
1280 1934 1535 1996 iudicare,
1572 1947 1670 1984 nec
1688 1932 1912 1997 aliquem
1933 1932 2302 1983 excommuni-

401 2019 516 2058 care
545 2005 666 2071 (hoc
694 2007 831 2058 enim
864 2014 1064 2060 tantum
1096 2009 1363 2062 iudicibus
1392 2017 1442 2061 et
1469 2010 1793 2077 principibus
1822 2021 1879 2061 ex
1896 2007 2091 2076 populo
2110 2008 2299 2059 electis

403 2082 784 2150 competebat),
831 2084 947 2136 vide
995 2088 1183 2139 iosuae
1220 2101 1337 2153 cap.
1375 2088 1427 2138 6.
1471 2101 1603 2139 vers.
1644 2088 1730 2141 26.
1770 2085 2011 2137 Indicum
2048 2098 2165 2150 cap.
2206 2084 2297 2139 21.

399 2176 537 2214 vers.
571 2161 655 2213 18.
695 2169 745 2213 et
783 2161 808 2213 1
845 2162 1102 2215 Samuelis
1130 2178 1244 2232 cap.
1280 2165 1364 2217 14.
1402 2178 1534 2215 vers.
1556 2165 1643 2217 24.
1727 2166 1779 2217 6.
1815 2164 2025 2215 Praeter
2052 2160 2208 2224 haec,
2256 2162 2300 2212 si

400 2240 556 2290 etiam
591 2238 656 2289 ad
692 2238 1050 2292 Hebraeorum
1087 2255 1367 2294 successus
1404 2248 1456 2294 ct
1490 2240 1729 2293 historias
1758 2240 2022 2291 attendere
2047 2237 2297 2302 velimuS,

399 2315 495 2366 alia
517 2314 670 2381 digua
691 2317 846 2367 etiam
866 2324 926 2367 nt
943 2324 1191 2370 notentur
1209 2320 1549 2386 reperiemus.
1618 2318 1873 2370 Videlicet
1889 2320 1934 2369 Ι.
1958 2313 2095 2382 qnod
2118 2314 2301 2367 nullae

399 2392 451 2443 in
491 2391 734 2456 religione
771 2399 940 2445 sectae
981 2394 1202 2456 fuerint,
1244 2397 1346 2446 nisi
1373 2403 1649 2463 postquam
1680 2393 1949 2462 pontifices
1976 2394 2029 2444 in
2060 2392 2302 2443 secundo

400 2470 620 2536 imperio
667 2470 1022 2522 anctoritatem
1069 2470 1367 2524 habuerunt
1413 2470 1704 2523 decretandi
1752 2478 1801 2522 et
1846 2470 2048 2535 negotia
2086 2469 2302 2535 imperii

402 2546 678 2608 tractandi,
719 2560 851 2611 quae
887 2548 1166 2600 auctoritas
1203 2556 1263 2599 ut
1297 2556 1500 2600 aeterna
1530 2556 1689 2609 esset,
1733 2548 1815 2599 ius
1842 2547 1943 2599 sibi
1971 2546 2300 2613 principatus

400 2632 813 2688 usurpaverunt,
854 2632 904 2675 et
933 2625 1139 2677 tandem
1176 2639 1321 2690 reges
1350 2624 1592 2691 appellari
1612 2624 1903 2675 voluerunt.
1913 2622 1949 2631 ‘
1979 2624 2030 2675 7.
2066 2622 2227 2673 Ratio
2246 2624 2299 2673 in
2331 2662 2332 2669 ,

401 2708 646 2766 promptu
675 2707 779 2761 est;
821 2700 873 2752 in
907 2702 1076 2768 primo
1105 2715 1329 2768 namque
1362 2702 1577 2767 imperio
1606 2700 1744 2751 nulla
1764 2699 2033 2753 decretalia
2054 2713 2253 2750 nomen
2273 2714 2298 2749 a

401 2776 642 2841 pontifice
679 2776 865 2829 habere
900 2784 1160 2845 poterant,
1201 2778 1625 2843 quandoquidem
1655 2777 1859 2829 nullum
1888 2779 1969 2830 ius
1996 2776 2299 2829 decretandi
2331 2792 2332 2833 3

401 2850 688 2913 habebant,
728 2853 820 2905 sed
859 2862 1060 2907 tantum
1095 2854 1191 2905 Dei
1220 2869 1495 2921 responsa,
1537 2868 1568 2906 a
1596 2853 1922 2922 principibus
1948 2853 2028 2907 vel
2055 2834 2332 2905 conciliis

405 2928 595 2993 rogati,
635 2928 821 2993 damin
859 2945 917 2983 ac
936 2938 1209 3001 propterea
1230 2931 1503 2984 nullatum
1523 2932 1589 2984 iis
1609 2930 1774 2984 libido
1792 2946 1909 2985 esse
1928 2930 2124 2999 potuit,
2166 2944 2297 2984 nova

507 3094 548 3148 ⁶)
575 3093 676 3140 vid.
695 3098 724 3138 2
740 3096 846 3144 Gor.
866 3100 909 3156 8,
927 3100 970 3143 8.
