2350 3475
351 51 432 110 88
754 48 1148 96 'ruacTATUS
1184 47 1585 96 TnEoLoelco
1596 75 1621 87 -
1631 48 1841 96 Pou'r.

347 232 402 284 id
413 270 430 296 ‚
479 229 622 296 qnod
655 231 798 280 Deus
831 227 940 279 vuit
973 225 1079 278 sive
1117 225 1451 289 determinat,
1499 233 1759 290 aeternam
1792 229 2165 281 necessitatem
2206 237 2261 281 et

351 309 614 361 veritatem
636 305 908 357 involvere.
980 304 1032 355 8.
1071 303 1412 355 Ostendimus
1440 305 1577 356 enim
1598 319 1656 357 ex
1674 320 1764 366 eo,
1802 304 1941 370 quod
1958 307 2061 356 Dei
2080 307 2259 358 intel-

349 386 515 436 lectus
535 399 564 434 a
583 384 676 436 Dei
697 381 958 433 voluntate
976 394 1079 431 non
1101 379 1439 445 distinguitur
1452 419 1467 444 ,
1498 380 1635 432 idem
1656 396 1751 432 nos
1772 381 2039 444 affirmare,
2072 397 2255 449 quum

351 463 576 515 dicimus
603 461 770 510 Deum
795 456 991 522 aliquid
1019 456 1174 520 velie,
1214 471 1272 508 ac
1300 473 1463 523 quum
1492 458 1743 520 dicimus,
1781 460 1949 510 Deum
1980 458 2032 509 id
2062 460 2255 526 ipsum

349 539 662 604 intelligere3
704 548 862 599 quare
882 534 1061 586 eadem
1081 535 1387 586 necessitate
1401 573 1417 596 ,
1455 549 1560 600 qua
1578 549 1637 586 ex
1656 542 1836 586 natura
1854 541 1907 586 et
1924 535 2256 602 perfectione

351 616 524 670 divina
541 612 802 679 sequitur,
827 613 993 662 Deum
1016 624 1122 662 rem
1141 610 1367 677 aliquam
1382 649 1397 673 ,
1428 620 1487 663 ut
1503 617 1606 675 est,
1640 610 1918 676 intelligere
1933 648 1950 674 ‚
1976 626 2038 664 ex
2056 613 2256 664 eadem

349 691 611 758 sequitur,
652 690 820 740 Deum
859 686 1105 750 eandem,
1143 693 1203 739 ut
1235 694 1341 749 est,
1380 687 1528 740 velle.
1602 689 1653 739 9.
1693 689 1871 751 Quum
1906 695 2079 739 autem
2108 690 2253 741 nihil

353 768 452 820 nisi
479 781 538 818 ex
567 765 678 818 solo
709 764 879 817 divino
910 764 1112 815 decreto
1143 765 1433 817 necessario
1461 779 1635 817 verum
1664 765 1763 826 sit,
1800 763 1923 816 hinc
1951 763 2257 818 clarissime

352 844 588 911 sequitur
600 883 615 906 ,
638 842 776 909 leges
797 847 1008 893 naturae
1025 839 1343 893 universales
1362 857 1501 893 mera
1520 856 1636 893 esse
1656 840 1858 892 decreta
1875 843 1994 904 Dei,
2026 857 2171 907 quae
2193 860 2256 895 ex

351 920 656 972 necessitate
701 927 752 970 et
795 917 1106 984 perfectione
1150 924 1360 970 naturae
1396 918 1596 970 divinae
1632 924 1942 984 sequuntur.
2014 920 2073 970 Si
2110 922 2254 986 quid

349 999 506 1064 igitur
539 998 592 1049 in
622 1003 800 1048 natura
827 996 1167 1061 contingeret,
1209 996 1349 1060 quod
1378 997 1493 1046 eius
1520 995 1897 1048 universalibus
1924 995 2131 1060 iegibus
2164 1014 2257 1049 re-

351 1080 628 1142 pugnaret,
669 1073 720 1124 id
758 1072 961 1124 decreto
998 1079 1048 1122 et
1084 1071 1365 1126 intellectui
1402 1078 1452 1122 et
1479 1078 1689 1123 naturae
1717 1072 1915 1124 divinae
1946 1076 2255 1125 necessario

351 1153 504 1203 etiam
522 1156 854 1216 repugnarem
893 1155 981 1200 aut
997 1150 1044 1200 si
1063 1151 1184 1214 quis
1202 1155 1465 1210 statueret,
1502 1150 1671 1199 Deum
1690 1147 1885 1215 aliquid
1906 1156 2081 1200 contra
2100 1151 2255 1216 leges

351 1236 561 1279 naturae
597 1239 774 1290 agere,
815 1227 864 1276 is
891 1225 1048 1277 simui
1083 1227 1235 1278 etiam
1266 1232 1531 1292 cogeretur
1566 1231 1819 1288 statuere,
1857 1228 2023 1277 Deum
2062 1235 2252 1278 contra

349 1319 502 1356 suam
526 1311 762 1356 naturam
790 1316 963 1366 agere:
1004 1317 1107 1367 quo
1137 1302 1265 1354 nihii
1293 1301 1593 1354 absurdius.
1664 1302 1808 1353 Idem
1838 1303 1993 1353 etiam
2013 1302 2170 1354 facile
2188 1319 2253 1356 ex

351 1382 448 1433 hoc
466 1387 645 1448 posset
664 1379 898 1441 ostendi,
937 1378 1076 1444 quod
1105 1380 1349 1431 nimirum
1370 1380 1597 1444 potentia
1616 1385 1827 1429 naturae
1844 1379 1913 1430 sit
1932 1380 2045 1445 ipsa
2066 1379 2249 1432 diviua

350 1458 576 1525 potentia
595 1463 646 1509 et
663 1457 847 1517 virtus,
870 1454 1042 1507 divina
1061 1462 1235 1508 autem
1257 1457 1481 1523 potentia
1499 1456 1569 1506 sit
1584 1455 1851 1521 ipsissima
1864 1457 1961 1506 Dei
1980 1458 2246 1519 essentia3

349 1535 443 1588 sed
481 1535 578 1585 boc
611 1533 1090 1598 impraesentiarum
1125 1532 1371 1585 libentius
1408 1533 1609 1585 omitto.
1700 1533 1783 1583 10.
1820 1531 1955 1583 Nihil
1992 1533 2155 1599 igitur
2192 1535 2248 1584 in

351 1611 596 1673 natura*)
628 1609 905 1674 contingit,
944 1607 1084 1674 quod
1113 1609 1281 1675 ipsius
1311 1609 1515 1673 iegibus
1540 1608 1918 1660 universalibus
1954 1618 2244 1676 repugnem

353 1696 404 1741 at
422 1699 517 1741 nec
535 1687 690 1739 etiam
711 1684 907 1751 aliquid
921 1723 935 1748 ‚
976 1685 1115 1751 quod
1143 1699 1264 1737 cum
1282 1687 1469 1739 iisdem
1490 1701 1591 1739 non
1612 1686 1849 1738 convenit
1864 1693 1953 1739 aut
1970 1701 2029 1739 ex
2044 1686 2243 1741 iisdem

353 1780 456 1816 non
475 1764 730 1829 sequitur.
801 1763 930 1813 Nam
951 1763 1200 1827 quicquid
1220 1762 1302 1824 fit,
1342 1779 1434 1829 per
1450 1766 1544 1816 Dei
1566 1762 1875 1816 voluntatem
1898 1769 1950 1815 et
1966 1770 2243 1816 aeternum

352 1843 614 1894 decretum
633 1838 709 1901 fit,
748 1838 844 1891 hoc
863 1846 960 1901 est,
999 1846 1055 1891 ut
1073 1840 1174 1891 iam
1193 1842 1544 1906 ostendimus,
1585 1839 1837 1906 quicquid
1856 1840 1931 1901 fit,
1972 1840 2025 1891 id
2044 1855 2245 1893 seeun-

351 1918 476 1969 dum
511 1917 652 1983 leges
690 1924 742 1967 et
775 1916 1004 1982 reguiaS,
1045 1930 1179 1982 quae
1215 1925 1472 1969 aeternam
1508 1918 1863 1970 necessitatem
1896 1924 1947 1969 et
1974 1918 2242 1969 veritatem

351 1993 628 2055 involvunt,
652 1992 731 2045 fit.
806 1996 890 2045 11.
927 1995 1118 2045 Natura
1139 1994 1313 2059 itaque
1330 1994 1470 2061 leges
1490 2001 1541 2045 et
1559 1994 1787 2060 regulas,
1819 2008 1951 2059 quae
1970 2000 2243 2047 aeternam

351 2071 711 2123 necessitatem
737 2076 792 2120 et
815 2070 1076 2121 veritatem
1107 2071 1398 2133 involvunt,
1438 2072 1673 2137 quamvis
1702 2084 1882 2121 omnes
1912 2070 2063 2123 nobis
2084 2080 2241 2123 notae

348 2164 453 2201 non
473 2148 579 2199 sint
589 2185 606 2211 ‚
639 2160 844 2213 semper
864 2154 1032 2199 tamen
1052 2145 1316 2209 observat,
1356 2148 1588 2214 adeoque
1607 2148 1759 2198 etiam
1778 2146 1935 2197 fixum
1954 2154 2115 2214 atque
2136 2150 2241 2200 im-

348 2224 651 2277 mutabilem
669 2224 901 2276 ordinem
913 2240 931 2289 3
970 2238 1065 2275 nec
1085 2222 1190 2274 ulla
1208 2238 1333 2275 sana
1353 2225 1480 2276 ratio
1500 2223 1701 2286 suadet,
1734 2229 1944 2276 naturae
1961 2225 2237 2276 limitatam

347 2301 628 2368 potentiam
659 2308 707 2352 et
727 2301 962 2352 virtutem
992 2300 1245 2363 tribuere,
1284 2302 1501 2366 eiusque
1528 2302 1667 2365 leges
1694 2301 1759 2352 ad
1788 2308 1924 2352 certa
1952 2308 2153 2353 tantum
2190 2312 2241 2353 et

349 2393 454 2430 non
481 2378 545 2430 ad
575 2378 748 2429 omnia
775 2384 946 2444 aptas,
989 2383 1233 2430 statuere.
1305 2379 1438 2430 Nam
1465 2392 1627 2445 quum
1648 2378 1807 2431 virtus
1826 2385 1877 2429 et
1894 2380 2123 2444 potentia
2143 2395 2240 2431 na-
2340 2390 2350 2403 ¹

351 2462 494 2507 turae
513 2456 583 2507 sit
603 2455 717 2521 ipsa
735 2456 830 2507 Dei
848 2456 1010 2507 virtus
1031 2462 1078 2505 et
1099 2456 1323 2520 potentia
1336 2494 1351 2517 ‚
1376 2455 1515 2521 leges
1535 2461 1706 2506 autem
1728 2462 1778 2505 et
1796 2454 2002 2521 regulae
2020 2461 2237 2507 naturae

349 2533 463 2598 ipsa
478 2532 574 2585 Dei
594 2531 823 2595 decreta,
855 2532 1066 2583 omnino
1087 2531 1399 2584 credendum
1422 2538 1531 2593 est,
1570 2532 1853 2597 potentiam
1882 2539 2096 2583 naturae
2114 2532 2237 2583 infi-

350 2610 507 2660 nitam
529 2622 646 2661 esse
663 2609 882 2674 eiusque
898 2608 1038 2673 leges
1059 2608 1188 2661 adeo
1207 2609 1334 2661 latas
1348 2647 1363 2671 ,
1402 2615 1460 2658 nt
1478 2609 1541 2660 ad
1570 2608 1743 2659 omnia
1757 2646 1771 2669 ,
1812 2622 1944 2674 quae
1964 2616 2014 2659 et
2030 2608 2096 2661 ab
2120 2611 2237 2677 ipso

350 2684 520 2736 divino
555 2684 814 2737 intellectu
849 2686 1234 2751 concipiuntur,
1275 2700 1333 2739 se
1368 2684 1657 2736 extendant.
1752 2685 1834 2740 12.
1886 2685 2033 2738 Alias
2070 2688 2230 2750 enim,

349 2760 476 2827 quid
505 2761 645 2814 aliud
672 2763 942 2825 statuitur,
981 2776 1136 2828 quam
1163 2762 1303 2827 quod
1320 2763 1465 2813 Deus
1494 2768 1729 2814 naturam
1748 2762 1876 2814 adeo
1898 2764 2233 2830 impotentem

451 2946 491 2995 ⁶)
527 2945 622 2990 NB.
651 2958 727 2990 me
755 2946 831 2991 hic
849 2958 934 3002 per
951 2950 1183 2987 naturam
1203 2958 1296 2990 non
1316 2946 1574 3003 intelligere
1592 2948 1743 2993 solam
1766 2948 2011 2994 materiam
2032 2949 2234 3007 eiusque

349 3002 640 3059 affectiones,
661 3005 742 3049 sed
763 3011 948 3062 praeter
967 3006 1215 3052 materiam
1236 3006 1329 3052 alia
1350 3004 1547 3053 infinita.
1600 3006 1689 3063 Sp.
1712 3010 1733 3033 ⁸
