2350 3475
349 70 444 128 ”90
764 74 1152 121 TRACTATUS
1192 72 1591 120 'rnssoLofflco
1602 101 1626 111 -
1636 73 1848 122 Pom‘r.

361 250 489 302 adeo
516 249 659 302 firma
691 257 742 302 et
767 252 1074 304 inconcussa
1101 253 1195 314 sit,
1236 258 1295 302 ut
1321 252 1461 304 uuila
1490 252 1598 304 dari
1633 265 1803 318 neque
1836 250 2039 318 concipi
2074 251 2244 318 possit

360 329 605 394 potentia,
629 342 658 380 a
677 343 783 395 qua
801 329 1006 397 possint
1023 330 1285 380 immutari
1295 329 1371 398 ³¹¹).
1442 329 1602 382 Nobis
1622 329 1804 383 saltem
1820 327 1887 383 ab
1907 342 1969 380 eo
1988 335 2237 394 tempore,

359 419 462 470 quo
491 419 550 456 ex
577 406 641 458 iis
667 407 762 458 Dei
789 406 1110 458 existentiam
1139 405 1531 468 concludimus,
1570 408 1639 458 ita
1668 419 1912 472 apparere
1936 403 2158 466 debent,
2198 406 2241 456 si

357 497 417 534 ex
443 484 572 550 ipsis
601 497 714 534 eam
730 488 867 535 extra
887 497 1095 535 omnem
1115 481 1453 542 dubitationis
1472 484 1635 536 aleam
1652 481 1959 537 concludere
1977 481 2239 536 volumus,

357 561 488 612 Nam
517 560 563 611 si
593 573 868 624 possemus
897 561 1193 627 concipere,
1232 561 1377 626 ipsas
1414 561 1650 612 notiones
1681 558 1751 610 ‚ab
1784 560 1956 626 aliqua
1992 559 2241 625 potentia,

359 651 698 702 quaecunque
713 633 925 689 demum
947 652 1006 690 ea
1025 637 1213 700 fuerit,
1250 639 1435 689 mutari
1456 651 1639 704 posse,
1680 641 1789 689 tum
1818 635 1883 688 de
1912 651 2091 689 earum
2109 637 2245 688 veri-

357 719 460 763 tate
491 711 874 776 dubitaremus,
911 721 966 766 et
989 722 1365 781 consequenter
1390 714 1543 766 ctiam
1572 714 1639 768 de
1674 721 1847 768 nostra
1882 712 2241 774 conclusione,

357 789 542 854 nempe
567 789 634 842 de
662 792 758 843 Dei
785 792 1076 856 existentia,
1117 806 1216 844 nec
1244 791 1309 844 de
1337 791 1441 843 ulla
1469 807 1523 843 re
1550 805 1780 857 unquam
1808 790 2099 856 poterimus
2128 804 2246 842 esse

357 867 502 918 certi.
579 869 661 920 18.
701 869 902 921 Deinde
926 869 1057 921 nihil
1083 883 1203 920 cum
1238 875 1417 920 natura
1452 869 1724 920 convenire
1760 866 1837 920 vel
1870 868 1918 919 ei
1958 862 2245 933 repugnare

353 944 582 1006 scimus,
622 946 725 996 nisi
752 944 806 997 id
824 985 839 1008 ,
879 946 1018 1012 quod
1046 946 1373 998 ostendimus
1400 959 1519 998 cum
1547 945 1661 998 istis
1682 944 1950 1011 principiis
1970 945 2244 997 convenire

353 1021 428 1071 vei
449 1021 514 1073 iis
533 1035 841 1088 repugnare.
915 1024 1086 1087 Quare
1104 1024 1151 1074 si
1171 1023 1439 1089 concipere
1458 1036 1735 1089 possemus
1753 1019 1949 1086 aliquid
1978 1021 2031 1072 in
2060 1028 2245 1074 natura

354 1097 418 1147 ab
457 1097 628 1163 aliqua
654 1100 895 1165 'potentia
931 1100 1308 1168 (quaecunque
1344 1095 1557 1152 demum
1594 1113 1652 1152 ea
1690 1097 1881 1166 fuerit)
1916 1111 2073 1163 posse
2112 1097 2245 1161 fieri,

355 1173 494 1238 quod
533 1181 742 1226 naturae
779 1185 1056 1244 repugnet,
1114 1177 1166 1228 id
1203 1178 1387 1242 primis
1424 1177 1539 1228 istis
1576 1173 1877 1229 notionibus
1912 1173 2247 1240 repugnabit,

354 1252 588 1318 adeoque
625 1253 676 1304 id
707 1260 771 1304 ut
795 1252 1081 1306 absurdum
1119 1253 1479 1315 reiiciendum,
1522 1251 1598 1304 vel
1636 1251 1701 1304 de
1728 1251 1909 1318 primis
1937 1249 2248 1304 notionibus

353 1331 434 1391 (ut
469 1329 624 1380 modo
661 1331 1040 1397 ostendimus),
1075 1338 1127 1382 et
1161 1337 1537 1395 consequenter
1572 1328 1639 1380 de
1662 1330 1774 1380 Deo
1809 1335 1863 1380 et
1892 1327 1957 1381 de
1994 1326 2249 1380 omnibus
2341 1345 2342 1348 ¹

353 1405 821 1474 quomodocunque
849 1409 1103 1474 perceptis
1129 1405 1494 1458 dubitandum.
1569 1405 1653 1457 1¹³.
1689 1406 1865 1471 Longe
1890 1405 2044 1470 igitur
2071 1404 2245 1466 abest,

351 1488 412 1532 ut
429 1484 704 1546 miracula,
744 1491 1004 1550 quatenus
1031 1498 1124 1551 per
1139 1484 1195 1536 id
1214 1482 1514 1549 intelligitur
1532 1496 1695 1548 opus,
1734 1481 1874 1548 quod
1894 1480 2065 1534 ordini
2084 1489 2243 1532 natu-

350 1573 438 1610 rae
463 1568 740 1626 repugnet,
783 1560 934 1612 nobis
960 1563 1056 1612 Dei
1083 1561 1401 1612 existentiam
1423 1559 1724 1620 ostendant3
1764 1573 1926 1625 quum
1948 1565 2123 1624 contra
2142 1573 2249 1610 nos

349 1633 416 1684 de
443 1636 623 1688 eadem
653 1635 890 1688 dubitare
927 1637 1174 1699 iacerent,
1216 1636 1423 1703 quando
1451 1635 1650 1702 absque
1676 1637 1743 1688 iis
1768 1635 2003 1691 absolue
2032 1636 2097 1686 de
2124 1635 2247 1701 ipsa

351 1725 628 1777 possemus
655 1726 774 1765 esse
806 1713 954 1776 certi,
995 1727 1183 1781 nempe
1210 1714 1417 1780 quando
1436 1714 1659 1778 scimus,
1700 1713 1869 1770 omnia
1890 1720 2107 1767 naturae
2126 1725 2248 1764 cer-

347 1796 460 1839 tum
481 1796 634 1855 atque
653 1789 1026 1844 immutabilem
1047 1791 1284 1845 ordinem
1304 1791 1473 1857 sequi.
1546 1792 1633 1847 20.
1671 1792 1743 1843 At
1758 1798 2005 1857 ponatur,
2044 1790 2099 1843 id
2120 1805 2247 1841 esse

349 1867 652 1917 miraculum
669 1906 684 1929 ,
723 1868 863 1933 quod
892 1882 986 1935 per
1011 1882 1197 1921 causas
1226 1868 1483 1920 naturales
1502 1868 1740 1935 explicari
1768 1882 1872 1919 non
1902 1874 2100 1933 potest,
2140 1866 2245 1919 hoc
2341 1882 2342 1885 ¹

349 1942 560 2007 quidem
591 1943 801 1999 duobus
829 1944 1002 1996 modis
1026 1953 1201 2011 potest
1225 1945 1463 2011 intelligi3
1502 1945 1583 1997 vel
1610 1945 1749 2011 quod
1768 1958 1957 1997 causas
1974 1944 2242 1995 naturales

347 2019 558 2085 quidem
579 2020 760 2085 habet,
801 2036 936 2089 quae
953 2030 1125 2075 tamen
1145 2022 1375 2075 humano
1392 2021 1654 2075 intellectu
1672 2022 1965 2089 investigari
1986 2034 2091 2073 non
2110 2036 2245 2087 pos-

446 2250 487 2301 *)
521 2249 593 2293 De
611 2250 698 2294 Dei
719 2250 959 2295 existentia
973 2282 988 2307 ,
1017 2257 1067 2295 et
1082 2258 1428 2308 consequenter
1446 2251 1505 2297 de
1523 2250 1742 2297 omnibus
1762 2250 2033 2295 dubitamus
2046 2281 2060 2307 ‚
2090 2261 2241 2307 quam

345 2309 425 2353 diu
447 2309 593 2365 ipsius
610 2310 698 2353 Dei
717 2322 809 2355 non
829 2310 1006 2355 claram
1033 2316 1081 2355 et
1098 2311 1393 2366 distinctam,
1431 2312 1513 2356 sed
1534 2312 1781 2356 confusam
1802 2302 2030 2355 habemus
2058 2308 2238 2354 ideam.

344 2369 461 2413 Nam
482 2375 536 2413 ut
553 2369 650 2428 ille,
669 2370 751 2426 qui
771 2376 987 2415 naturam
1007 2370 1227 2426 trianguli
1249 2383 1341 2415 non
1361 2376 1489 2415 recte
1504 2367 1657 2427 novit,
1679 2371 1830 2414 nescit
1848 2370 1949 2414 eius
1968 2375 2061 2414 tres
2082 2380 2240 2425 angu-

342 2427 415 2475 los
435 2428 660 2485 aequales
679 2442 782 2474 esse
803 2430 995 2475 duobus
1008 2431 1164 2487 rectis,
1178 2431 1322 2487 sicis,
1344 2431 1422 2487 qui
1443 2435 1657 2475 naturam
1678 2429 1880 2475 divinam
1900 2429 2097 2478 confuse
2116 2440 2240 2473 con-

343 2489 483 2545 cipit,
515 2500 608 2533 non
628 2488 776 2545 videt,
805 2490 932 2546 quod
955 2490 1012 2534 ad
1031 2490 1117 2534 Dei
1139 2496 1355 2535 naturam
1376 2490 1607 2545 pertineat
1624 2488 1838 2533 existere.
1892 2489 1951 2533 At
1967 2495 2019 2532 ut
2037 2488 2123 2531 Dei
2146 2500 2239 2532 na-

343 2552 446 2593 tura
476 2560 503 2593 a
534 2548 670 2593 nohis
697 2548 828 2593 clare
855 2556 903 2594 et
928 2550 1143 2595 distincte
1171 2548 1355 2604 concipi
1384 2548 1557 2605 possit,
1596 2560 1792 2595 necesse
1812 2552 1909 2604 est,
1938 2547 1997 2592 ad
2018 2548 2239 2593 notiones

341 2608 570 2663 quasdam
591 2608 991 2664 simplicissimas,
1022 2621 1140 2665 quas
1161 2620 1436 2653 communes
1455 2614 1645 2665 vocant,
1676 2608 1943 2662 attendere,
1982 2613 2156 2651 etcum
2178 2608 2239 2652 iis

343 2678 395 2710 ea
411 2699 424 2721 ‚
454 2678 576 2723 quae
603 2668 661 2712 ad
683 2667 885 2712 divinam
905 2674 1120 2712 naturam
1139 2669 1396 2724 pertinent,
1426 2674 1749 2713 concatenare.
1802 2668 1953 2723 Atque
1972 2672 2073 2711 tum
2093 2667 2240 2712 nobis

341 2726 543 2781 primum
581 2726 633 2771 iit
667 2728 970 2783 perspicuum
983 2758 996 2783 ‚
1033 2727 1186 2771 Deum
1212 2727 1479 2773 necessario
1516 2728 1713 2773 existere
1738 2733 1788 2771 et
1811 2726 1990 2782 ubique
2013 2738 2149 2783 esse,
2192 2734 2243 2772 et

339 2785 482 2831 simul
501 2786 720 2841 adparet,
741 2788 918 2841 omnia,
947 2798 1069 2843 quae
1087 2788 1377 2843 concipimus
1390 2819 1403 2843 ,
1435 2786 1520 2833 Dei
1540 2794 1756 2833 namu-am
1776 2786 1851 2841 (Β.
1872 2786 1978 2831 add.
1998 2784 2048 2827 in
2068 2787 2137 2837 se)
2159 2786 2238 2831 in-

342 2845 524 2890 volvere
543 2857 721 2905 perque
741 2846 938 2891 eandem
960 2846 1170 2903 concipi,
1192 2852 1239 2891 et
1256 2846 1411 2891 omnia
1433 2846 1661 2903 denique,
1690 2858 1811 2903 quae
1832 2846 2094 2901 adaequate
2114 2857 2239 2891 con-

341 2905 556 2961 cipimus,
575 2916 684 2949 vera
705 2916 824 2951 esse.
863 2905 954 2949 Sed
973 2904 1030 2949 de
1051 2904 1140 2949 hoc
1159 2906 1234 2959 (i).
1256 2908 1311 2949 de
1328 2903 1421 2959 his)
1441 2906 1545 2951 vide
1563 2906 1926 2961 prolegomenon
1945 2904 2075 2962 libri,
2096 2906 2240 2951 euius

251 2992 254 2998 ·
340 2962 506 3008 titulus
543 2968 636 3008 esta
675 2962 973 3020 „principia
1004 2962 1338 3020 philosophiae
1374 2977 1504 3007 more
1527 2964 1813 3020 geometrico
1840 2965 2236 3011 monstratust

343 3020 428 3077 Sp.
486 3023 582 3067 Vid.
603 3022 736 3067 Tom.
756 3023 796 3068 1.
817 3036 863 3079 p.
883 3025 950 3066 26.
971 3036 1075 3082 sqq.
1098 3024 1206 3070 coll.
1228 3036 1333 3083 epp.
1353 3028 1419 3071 59.
1442 3028 1485 3081 S.
1504 3029 1569 3071 11.
1590 3032 1637 3071 et
1657 3038 1730 3083 ep.
1750 3027 1817 3069 60.
1839 3027 1881 3077 ς.
1903 3028 1968 3069 11.
2017 3064 2021 3071 .
