2350 3475
860 107 999 153 car.
1050 106 1161 154 ιν.
1819 100 1944 161 2⁰3

68 284 205 337 caeci
234 284 291 335 id
317 284 493 351 ipsum
524 281 903 349 amplectimur,
936 296 1059 350 ergo
1085 297 1184 335 nos
1200 282 1353 333 etiam
1371 280 1598 341 stuiteet
1619 281 1734 332 sine
1751 280 1946 333 iudicio

67 362 293 425 agimus·
364 361 453 415 27;
492 360 645 421 Quod
664 360 711 411 si
729 366 909 411 contra
927 368 1149 413 statuere
1166 360 1386 412 velimus
1399 397 1412 421 ‚
1435 358 1532 409 hoc
1549 357 1943 409 fundamentum

68 439 269 489 ratione
297 435 637 489 demonstrari
665 450 849 502 pesse,
888 438 983 489 erit
1010 450 1129 503 orgo
1158 436 1410 501 theoiogia
1427 433 1787 502 philosophiae
1801 443 1943 501 pars,

66 528 160 565 nec
180 512 251 567 ab
270 512 452 567 eadem
470 520 609 565 esset
628 514 935 579 separanda.
1003 514 1108 565 Sed
1137 513 1202 564 ad
1231 514 1355 565 haec
1383 512 1696 579 respondeo,
1740 524 1822 563 me
1851 508 1948 561 ab·

69 590 237 643 solute
268 596 521 651 statuere,
560 592 658 641 hoc
684 591 983 656 theologiae
998 589 1408 657 fundamenta&
1435 590 1631 655 dogma
1664 602 1769 639 non
1793 601 1948 655 poue

70 667 269 718 lumine
304 668 547 719 natta-ali
580 669 899 733 investigari
913 706 930 733 ,
981 668 1059 720 vei
1093 666 1276 719 saltem
1313 667 1574 718 neminem
1613 666 1776 717 fuisse
1794 702 1809 726 ,
1857 663 1950 729 qui

70 745 249 809 ipsum
270 744 721 807 demonstraverit,
752 752 803 797 et
820 744 939 797 ideo
954 744 1330 795 revelationem
1348 746 1584 794 maximo
1601 742 1952 793 neeessariam

58 822 235 885 fuisse
247 840 270 883 ‚·
307 828 363 872 at
380 820 539 871 nihilo
557 822 733 873 minus
750 835 848 873 nos
867 822 1061 873 iudicio
1078 822 1154 872 uti
1172 834 1328 887 posse
1342 858 1356 883 ,
1397 827 1456 870 ut
1471 820 1524 871 id
1541 820 1646 871 iam
1673 818 1951 871 revelatum

72 897 257 949 morali
276 897 461 949 saitem
480 897 781 951 certitudine
798 898 1191 965 amplectamur.
1261 898 1352 953 28.
1389 897 1517 948 Dico
1536 896 1717 949 morali
1736 897 1952 948 certitu·-

74 972 223 1033 dine3
266 988 387 1025 nam
418 988 522 1025 non
552 981 633 1026 est
660 975 797 1040 quod
826 982 1216 1042 exspectemus,
1255 987 1351 1025 nos
1377 973 1442 1025 de
1469 988 1531 1025 eo
1557 975 1800 1025 certiores
1835 985 1952 1024 esse

72 1064 257 1115 posse,
298 1064 455 1115 quam
482 1052 628 1115 ipsos
657 1052 963 1118 propbetas,
1002 1051 1200 1117 quihus
1229 1052 1400 1117 primo
1435 1050 1710 1101 reveiatum
1739 1050 1864 1110 fuit,
1903 1055 1957 1099 et

74 1140 304 1191 quorum⁴
319 1134 493 1179 tamen
510 1128 761 1179 certitudo
782 1142 883 1181 non
906 1129 1009 1181 nisi
1030 1128 1239 1179 moralis
1265 1126 1391 1191 fuit,
1429 1132 1492 1176 ut
1508 1127 1610 1177 iam
1630 1125 1953 1177 ostendimus

72 1216 187 1269 cap.
208 1204 281 1255 11.
304 1203 461 1255 huius
482 1210 723 1255 tractatus
741 1205 807 1269 ¹).
879 1206 968 1261 29.
1005 1206 1049 1257 Ii
1072 1206 1232 1269 igitur
1251 1209 1351 1255 tota
1373 1209 1543 1255 errant
1559 1204 1636 1253 via
1651 1239 1665 1263 ‚
1703 1201 1795 1267 qui
1813 1201 1954 1252 Scri·

73 1286 259 1344 pturae
302 1279 656 1331 auctoritatem
700 1281 1077 1336 mathematicis
1117 1276 1646 1332 demonstrationibus
1685 1276 1953 1329 ostendero

74 1362 351 1408 conantur.
422 1358 551 1409 Nam
572 1355 859 1411 Bibliorum
886 1359 1165 1409 auctoritas
1191 1354 1256 1407 ab
1276 1356 1574 1406 auctoritate
1592 1351 1953 1419 prophetarum

75 1430 363 1501 dependet,
396 1432 627 1499 adeoque
646 1434 757 1498 ipsa
778 1434 938 1487 nuliis
955 1432 1256 1486 fortioribus
1279 1432 1596 1497 argumentis
1616 1428 1956 1482 demonstrari

76 1514 279 1572 potest,
319 1522 475 1573 quam
502 1509 569 1560 iis
600 1510 793 1574 quihus
820 1510 1097 1577 prophetae
1125 1511 1250 1562 oiim
1269 1523 1418 1560 suam
1439 1507 1630 1574 populo
1645 1505 1959 1573 persuadere

23 1598 25 1625 =
76 1584 345 1643 solebant;
384 1586 489 1637 imo
517 1585 663 1637 nulio
688 1586 789 1638 aiio
814 1586 1155 1641 fundamento
1182 1594 1356 1638 nostra
1393 1584 1460 1637 de
1493 1584 1674 1636 eadem
1709 1581 1959 1634 certitudo

78 1660 291 1713 fundari
324 1668 495 1725 potest
516 1699 529 1723 ‚
588 1676 745 1727 quam
782 1678 843 1715 eo
878 1678 982 1729 quo
1018 1663 1296 1731 prophetae
1332 1676 1482 1713 suam
1519 1659 1875 1713 certitudinem
1911 1665 1964 1709 et

80 1739 439 1790 auctoritatem
461 1737 769 1793 fundabant.
841 1741 926 1794 30.
964 1743 1097 1795 Nam
1118 1748 1276 1793 totam
1300 1739 1669 1806 prophetarum
1688 1734 1961 1791 certitudi-

79 1828 194 1864 nem
216 1813 301 1864 his
323 1813 492 1866 tribus
510 1816 792 1868 consistere
810 1818 1165 1871 ostendimus:
1197 1831 1386 1884 nempe
1404 1819 1447 1869 Ι.
1468 1815 1713 1868 distincta
1733 1821 1784 1866 et
1799 1812 1962 1865 vivida

78 1890 475 1956 imaginatione3
512 1893 583 1942 11.
611 1893 787 1956 signoz
829 1896 928 1946 111.
960 1895 1189 1960 denique
1215 1901 1270 1945 et
1297 1894 1571 1960 praecipue
1590 1893 1763 1944 animo
1782 1889 1848 1941 ad
1867 1901 1960 1941 ae·—

78 1980 245 2032 quum
266 1973 319 2018 et
338 1966 535 2018 bonum
555 1969 816 2020 inclinato.
874 1971 983 2024 Nec
1002 1970 1123 2022 ullis
1141 1970 1255 2022 aliis
1275 1968 1561 2021 rationibus
1577 1967 1958 2026 fundabantur3

78 2043 315 2108 adeoque
336 2058 505 2108 neque
524 2045 677 2096 etiam
696 2046 891 2111 populo
906 2085 921 2108 ,
959 2048 1043 2099 cui
1060 2046 1186 2098 oiim
1207 2047 1318 2098 viva
1333 2059 1479 2107 voce,
1521 2059 1616 2096 nec
1637 2043 1789 2096 nobis
1803 2081 1818 2104 ,
1839 2042 1963 2108 qui-

79 2115 179 2170 bus
199 2121 398 2186 scripto
416 2119 717 2185 loquuntur,
743 2122 865 2174 uilis
886 2123 1001 2176 aliis
1019 2123 1310 2176 rationibus
1327 2135 1479 2174 suam
1499 2121 1846 2172 auctoritatem
1865 2117 1962 2167 de·-

81 2203 370 2246 monstrare
399 2205 701 2262 potuerunt.
780 2200 867 2252 31.
907 2199 979 2252 At
1004 2201 1263 2265 primum,
1303 2197 1446 2264 qnod
1471 2198 1668 2249 scilicet
1693 2208 1778 2246 res
1802 2192 1965 2246 vivide

80 2271 527 2337 imaginabantur,
568 2275 829 2341 prophetis
858 2282 1059 2328 tantum
1086 2285 1322 2328 constare
1362 2280 1578 2340 poterat.
1651 2272 1826 2334 Quare
1861 2275 1965 2322 tota

82 2357 264 2400 nostra
294 2348 360 2400 de
386 2350 693 2402 revelatione
712 2351 965 2404 certitudo
982 2354 1037 2404 in
1056 2352 1272 2418 reliquis
1291 2351 1500 2403 duobus
1521 2356 1737 2408 tantum,
1777 2359 1965 2411 nempe

82 2426 234 2488 signo
262 2433 314 2476 et
340 2425 602 2491 doctriua,
628 2426 831 2480 fundari
863 2435 1033 2494 potest
1060 2437 1111 2480 et
1137 2429 1310 2482 debet.
1385 2426 1538 2490 Quod
1559 2423 1768 2491 quidem
1789 2424 1966 2475 Moses

56 2497 239 2552 'etiam
268 2515 505 2569 expresse
534 2503 704 2556 docet.
774 2505 861 2560 32.
899 2507 1028 2556 Nam
1054 2507 1268 2557 Denter.
1291 2518 1406 2570 cap.
1432 2504 1516 2554 18.
1547 2501 1689 2552 iubet
1713 2499 1966 2565 poputum

82 2575 295 2630 obedire
324 2578 629 2644 prophetae,
670 2581 759 2647 qui
786 2583 997 2636 nomine
1022 2583 1119 2633 Dei
1146 2595 1324 2632 verum
1353 2581 1560 2646 signnm
1597 2576 1742 2628 dedit
1753 2575 1836 2642 ²);
1875 2574 1968 2626 sed

82 2656 124 2704 si
142 2653 281 2708 falso
300 2654 499 2720 aliquid
514 2693 527 2718 ,
560 2657 656 2710 etsi
680 2658 885 2710 nomine
904 2659 1001 2710 Dei
1018 2697 1033 2720 ,
1070 2657 1406 2724 praedixerit,
1445 2656 1624 2707 mortis
1645 2660 1816 2704 tamen
1835 2667 1969 2704 eun-—

85 2731 201 2784 dem
233 2731 511 2794 damnare,
552 2739 609 2783 ut
636 2733 788 2786 etiam
816 2748 965 2799 eum,
1006 2734 1099 2800 qui
1125 2733 1378 2800 popuium
1407 2746 1438 2783 a
1464 2745 1582 2782 vera
1610 2730 1854 2794 reiigione
1881 2743 1970 2781 se·-

85 2806 273 2860 dueero
311 2807 560 2870 voluerit,
609 2811 815 2862 tametsi
850 2824 1000 2863 suam
1034 2812 1393 2862 auctoritatem
1429 2809 1595 2875 signis
1630 2814 1682 2860 et
1715 2806 1969 2874 portentis

186 2998 231 3044 1)
268 2994 372 3037 Vid.
396 3004 499 3049 cap.
518 2995 559 3034 2.
580 2995 622 3046 ς.
643 2995 683 3034 4.
704 3005 809 3050 sqq.

183 3058 228 3108 2)
266 3053 463 3098 Denter.
484 3064 587 3110 cap.
610 3055 673 3096 18.
695 3065 736 3097 v.
754 3056 821 3097 2⁰.
842 3065 947 3110 sqq.
