2350 3475
824 82 967 136 cap,
1017 86 1178 135 xm,
1357 112 1368 119 -
1437 110 1444 117 Δ
1527 112 1542 121 ·
1820 76 1940 141 189

66 274 149 317 uec
169 278 229 317 ex
244 264 512 333 professo,
550 272 611 317 ut
629 264 781 331 haec,
824 266 1167 321 commendet.
1240 266 1314 317 Ex
1332 264 1528 331 quibus
1547 262 1792 317 omnibus
1811 278 1940 317 con-

66 342 347 408 cludimuS‚
389 343 792 397 intellectualem
821 346 916 397 Dei
954 346 1299 412 cognitionem
1320 382 1333 407 ‚
1375 356 1507 409 quae
1535 342 1650 393 eius
1677 349 1933 402 naturam,

66 428 203 484 prout
245 422 301 472 in
336 435 395 473 se
434 429 539 484 est,
596 422 915 485 considerat,
972 430 1023 474 et
1056 436 1215 488 quam
1255 428 1490 473 naturam
1507 417 1764 471 'homines
1803 425 1938 470 certa

65 498 253 549 vivendi
284 500 481 550 ratione
509 498 697 551 imitari
730 514 831 551 non
860 507 1109 567 possunt,
1150 513 1322 566 neque
1351 507 1617 564 tamquam
1644 495 1936 562 exemplum

65 588 277 638 sumere,
302 575 365 627 ad
387 589 557 627 veram
573 576 780 629 vivendi
803 578 1049 629 rationem
1072 576 1463 641 instituendam,
1486 575 1550 626 ad
1573 574 1728 627 fldem
1752 581 1803 625 et
1821 573 1940 625 reli-

64 652 257 715 gionem
281 652 555 705 revelatam
578 654 721 706 nullo
742 654 897 707 modo
917 656 1173 720 pertinere
1189 694 1202 716 ,
1237 662 1287 706 et
1305 660 1684 719 consequenter
1701 652 1940 705 homines

65 730 182 781 circa
201 730 337 782 hanc
354 731 470 782 sine
489 731 682 783 scelere
703 739 807 783 toto
824 732 965 784 coelo
984 747 1149 784 errare
1169 746 1343 798 posse.
1415 732 1504 787 25.
1529 731 1748 783 Minime
1765 730 1940 795 itaque

66 806 277 871 mirum,
316 806 457 875 quod
484 809 629 861 Deus
656 824 773 862 sese
809 809 1269 875 imaginationibus
1308 817 1358 861 et
1394 808 1784 876 praeconceptis
1823 820 1943 873 pro·

67 883 326 948 phetarum
356 885 695 952 opinionibus
714 887 1199 952 accommodaverit,
1239 887 1485 954 quodque
1504 885 1688 938 fideles
1710 886 1942 937 diversas

67 959 119 1013 dc
138 963 245 1014 Deo
266 958 489 1015 foverint
506 965 790 1017 sententias
804 1004 818 1028 ‚
859 966 991 1017 utin
1014 981 1126 1033 cap.
1147 968 1216 1017 11.
1239 966 1420 1017 multis
1439 963 1688 1029 exemplis
1708 962 1941 1015 ostendi-

68 1041 260 1109 mus*).
335 1040 422 1093 26.
461 1039 661 1093 Deinde
683 1043 895 1095 minime
915 1044 1068 1094 etiam
1090 1046 1278 1094 mirum
1295 1083 1309 1106 ,
1351 1040 1489 1107 quod
1513 1055 1657 1092 sacra
1676 1039 1939 1091 volumina

64 1115 246 1183 ubique
281 1117 409 1169 adeo
438 1118 718 1185 improprie
746 1119 811 1172 de
837 1121 945 1171 Deo
974 1120 1279 1187 loquantur,
1320 1121 1472 1184 eique
1500 1132 1720 1181 manuS,
1757 1115 1936 1183 pedeS,

65 1195 259 1259 oculos,
303 1209 483 1258 aures,
524 1204 750 1247 mentem
770 1205 821 1248 et
841 1206 1036 1250 motum
1059 1199 1268 1250 localem
1301 1195 1556 1258 tribuant,
1598 1202 1650 1245 et
1679 1200 1938 1260 praeterea

65 1272 201 1322 etiam
225 1272 387 1324 animi
408 1274 810 1336 commotioneS‚
850 1280 911 1325 ut
928 1275 1069 1341 qnod
1089 1276 1158 1328 sit
1175 1274 1439 1339 zelotypus
1454 1312 1468 1334 ,
1501 1272 1796 1323 misericors
1817 1276 1934 1331 ete„

66 1355 108 1397 et
132 1348 277 1414 quod
306 1348 531 1414 denique
558 1352 735 1419 ipsum
767 1351 1046 1419 depingant
1076 1360 1342 1417 tamquam
1373 1349 1600 1403 iudicem
1631 1348 1758 1398 etin
1781 1345 1940 1397 coelis

65 1433 321 1493 tamquam
348 1428 402 1477 in
433 1427 564 1479 solio
586 1431 724 1494 regio
754 1429 1017 1480 sedentem
1040 1438 1091 1481 et
1109 1430 1371 1481 Christum
1399 1426 1463 1479 ad
1493 1427 1664 1493 ipsius
1689 1424 1936 1475 dextram.

30 1554 37 1571 ,
62 1504 368 1571 Loquuutur
386 1505 633 1557 nimirum
654 1506 943 1557 secundum
964 1512 1169 1574 captum
1193 1504 1348 1571 vulgi,
1376 1518 1529 1571 quem
1553 1502 1817 1569 Scriptura
1835 1514 1940 1551 non

31 1584 34 1587 '
67 1578 297 1644 doctum,
339 1581 431 1633 sed
452 1582 777 1635 obedientem
798 1583 1011 1637 reddere
1034 1585 1229 1635 studet.
1303 1581 1391 1637 2⁷.
1429 1582 1750 1633 Communes
1769 1586 1940 1629 tamen

68 1658 311 1725 theologi,
346 1660 597 1726 quicquid
630 1661 811 1712 horum
842 1661 1037 1713 lumine
1066 1660 1289 1712 naturali
1315 1660 1488 1712 videre
1517 1662 1796 1725 potueruut
1821 1669 1940 1708 cum

31 1767 33 1802 ÷
68 1734 225 1789 divina
268 1744 451 1788 natura
492 1753 591 1789 non
633 1739 934 1801 convenire,
986 1739 1336 1807 metaphorice
1375 1734 1842 1804 interpretandum,
1893 1741 1944 1786 et

31 1807 33 1810 ’
68 1813 307 1881 quicquid
337 1828 515 1866 eornm
546 1823 753 1881 captum
786 1816 987 1884 effugit,
1030 1816 1319 1869 seeundum
1339 1816 1561 1868 litteram
1583 1812 1942 1881 accipiendum

68 1890 455 1944 contenderunt.
530 1893 630 1944 Sed
670 1895 715 1944 si
755 1895 953 1957 omnia,
994 1909 1127 1961 quae
1164 1895 1220 1946 in
1252 1895 1514 1960 Scriptura
1552 1891 1713 1944 huius
1741 1890 1946 1956 generis

68 1971 409 2035 reperiuntur,
432 1977 611 2021 essent
630 1974 922 2025 necessario
944 1971 1292 2038 metaphorice
1313 1969 1694 2038 interpretanda
1715 1976 1764 2019 et
1785 1968 1946 2018 intel·-

66 2044 259 2110 ligenda
278 2085 292 2108 ,
334 2053 444 2096 tum
466 2047 727 2114 Scriptura
759 2064 861 2101 non
895 2048 1032 2116 plebi
1063 2058 1114 2100 et
1134 2048 1252 2100 rudi
1271 2049 1450 2114 vulgo,
1491 2047 1583 2099 sed
1609 2045 1945 2113 peritissimis

68 2129 257 2175 tantum
286 2130 337 2174 et
364 2124 585 2175 maxime
614 2125 941 2193 philosophis
970 2128 1160 2192 scripta
1201 2132 1356 2177 esset.
1448 2127 1534 2181 28.
1576 2124 1854 2186 Quinimo,
1895 2121 1943 2171 si

68 2199 277 2267 impium
312 2207 478 2262 esset,
520 2203 604 2267 pie
630 2209 683 2254 et
708 2204 1041 2270 simplicitate
1061 2203 1220 2254 animi
1241 2203 1391 2264 baec,
1434 2215 1568 2268 quae
1588 2200 1744 2253 modo
1765 2198 1948 2251 retuli-

68 2291 204 2342 mus,
248 2277 315 2330 de
344 2278 455 2329 Deo
482 2278 719 2341 credere:
760 2281 989 2348 profecto
1021 2281 1244 2332 maxime
1272 2294 1444 2331 cavere
1484 2278 1786 2330 debuissent
1819 2289 1946 2340 pro-—

69 2354 263 2419 phetae,
282 2354 465 2406 saltem
487 2361 697 2423 propter
714 2359 849 2423 vulgi
868 2357 1292 2418 imbecillitatem,
1311 2372 1338 2408 a
1360 2356 1624 2408 similibus
1643 2352 1942 2422 phrasibus,

68 2439 111 2481 et
134 2440 311 2484 contra
329 2433 428 2484 Dei
460 2434 705 2485 attributa
723 2473 736 2496 ‚
774 2442 931 2502 prout
950 2436 1318 2500 unusquisque
1339 2434 1516 2486 eadem
1539 2431 1779 2499 amplecti
1800 2439 1948 2482 tene-

68 2516 167 2572 tur,
208 2515 333 2561 ante
362 2511 539 2561 omnia
569 2524 625 2562 ex
646 2511 879 2577 professo
899 2520 949 2565 et
970 2510 1103 2563 clare
1126 2511 1339 2574 docere,
1380 2509 1518 2576 quod
1541 2507 1724 2560 nullibi
1752 2507 1944 2558 sactum

71 2593 160 2636 est.
252 2585 343 2641 29.
381 2585 638 2653 Adeoque
658 2589 871 2642 minime
890 2589 1206 2641 eredendum
1223 2629 1236 2651 ,
1276 2589 1544 2654 opiniones
1564 2584 1801 2639 absolute
1819 2599 1948 2636 con-·

68 2663 313 2715 sideratas
332 2661 535 2730 absque
555 2675 791 2734 respectu
814 2667 877 2719 ad
901 2682 1081 2734 opera,
1116 2665 1308 2731 aliquid
1333 2665 1538 2731 pietatis
1557 2669 1644 2715 ant
1665 2657 1946 2729 impietatis

68 2738 273 2800 habere,
316 2739 409 2791 sed
438 2755 497 2792 ea
526 2749 726 2796 tantum
756 2744 819 2797 de
850 2759 1007 2796 causa
1039 2743 1305 2795 hominem
1333 2741 1530 2806 aliquid
1563 2742 1646 2808 pie
1675 2747 1764 2791 aut
1788 2740 1948 2805 impie

69 2821 265 2874 credere
287 2822 598 2886 dicendum,
639 2830 899 2888 quatenus
927 2835 985 2873 ex
1010 2821 1121 2872 suis
1149 2817 1484 2886 opinionibus
1514 2819 1578 2870 ad
1600 2816 1946 2870 obedientiam

70 2907 297 2953 movetur
310 2939 324 2963 ‚
364 2899 445 2954 vel
474 2915 535 2954 ex
558 2901 747 2952 iisdem
766 2899 1033 2952 licentiam
1053 2897 1117 2948 ad
1138 2896 1459 2965 peccandum
1479 2903 1569 2948 aut
1588 2891 1945 2948 rebellandum

162 3074 205 3129 ·)
241 3072 346 3119 Vid.
368 3083 473 3130 cap.
494 3072 535 3115 2.
556 3073 597 3126 ς.
618 3073 682 3114 2⁰.
705 3081 808 3129 sqq.
