2350 3475
855 153 1233 201 PRAEFATIO.
1908 153 1935 206 1
1954 150 1980 205 l

101 339 152 384 et
173 346 388 395 omnes,
429 332 520 397 qni
538 330 724 384 iisdem
746 344 862 381 cum
883 330 1034 397 vulgo
1055 329 1321 383 affectibus
1350 320 1728 394 conflictentur,
1766 332 1831 383 ad
1858 330 2012 383 haee·

99 410 317 476 legenda
345 423 452 461 non
482 410 667 472 invito,
707 409 833 473 quin
864 409 1037 474 potius
1065 408 1277 472 vellem,
1318 415 1375 459 ut
1402 408 1540 459 hnne
1561 407 1747 460 librum
1770 422 1982 475 prorsus

101 488 372 554 negligant,
407 500 563 553 quam
583 485 808 538 eundem
827 498 1083 551 perverse,
1115 492 1174 537 nt
1192 486 1365 538 omnia
1383 484 1569 549 solent,
1600 486 1982 554 interpretando

103 564 456 627 molestisint,
497 570 549 614 et
565 563 694 614 dnm
721 559 822 613 sibi
842 562 972 614 nihil
991 569 1237 630 prosunt,
1275 564 1389 615 eliis
1409 562 1607 628 obsint,
1648 565 1738 630 qui
1764 562 1980 616 liberius

101 639 610 707 philosopharentur,
652 640 754 696 nisi
779 638 878 691 hoe
896 654 1060 691 unum
1080 639 1309 693 obstaret
1322 680 1337 704 ,
1372 640 1512 706 quod
1530 649 1713 707 putant
1730 642 1979 693 rationem

103 717 291 769 debere
309 717 594 784 theologiae
613 715 858 779 ancillari.
931 718 1059 769 Nam
1091 716 1170 768 bis
1191 716 1287 770 hoe
1306 734 1439 785 opus
1459 733 1707 785 perquam
1727 720 1855 770 utile
1872 718 1981 770 fore

101 792 554 922 coago-ceterum
577 871 820 937 qnoniam
841 870 1020 921 multis
1040 884 1133 921 nee
1152 871 1315 922 otium
1334 885 1432 923 nee
1448 872 1653 923 animus
1675 871 1847 924 forsan
1868 874 1980 934 erit,

102 949 271 999 omnin
295 944 744 1014 perlegere,'cogor
761 948 845 999 bie
864 949 1018 998 etiam
1038 949 1167 999 utin
1187 946 1289 999 fine
1307 948 1465 999 huius
1487 956 1730 1000 tractatus
1751 963 1979 1012 monere,

101 1039 182 1075 me
211 1024 339 1075 nibil
368 1024 621 1086 scribere,
660 1024 799 1090 quod
829 1039 934 1076 non
955 1023 1295 1075 libentissime
1315 1026 1530 1076 examini
1551 1033 1601 1077 et
1622 1026 1813 1077 iudicio
1834 1041 1983 1078 sum—

100 1115 300 1153 marum
321 1108 634 1168 potestatum
654 1103 849 1168 patriae
867 1115 1012 1151 meae
1033 1100 1323 1152 subiiciem.
1394 1103 1526 1154 Nam
1557 1102 1744 1168 siquid
1774 1102 1978 1164 borum,

101 1193 232 1244 quae
264 1178 408 1243 dieo,
451 1176 752 1229 indicabunt
778 1178 958 1244 patriis
985 1176 1188 1243 legibus
1209 1191 1494 1244 repugnare
1515 1178 1590 1229 vel
1610 1182 1875 1231 communi
1894 1194 1981 1231 sa-

99 1256 190 1306 luti
211 1254 419 1319 obesse,
443 1254 496 1306 id
517 1269 611 1321 ego
630 1254 879 1307 indictum
899 1255 1034 1307 volo.
1089 1255 1209 1307 Seio
1227 1269 1309 1305 me
1331 1255 1591 1305 bominem
1609 1269 1727 1308 esse
1745 1263 1796 1308 et
1815 1272 1980 1308 errare

97 1333 359 1398 potuisse;
400 1346 465 1382 ne
495 1340 669 1384 antem
697 1345 917 1384 errarem
935 1329 1120 1382 sedulo
1139 1332 1338 1393 curavi,
1378 1338 1429 1381 et
1448 1332 1702 1397 apprime,
1747 1340 1807 1382 nt
1826 1334 1980 1398 quic-

97 1409 222 1475 quid
244 1408 526 1461 scriberem
541 1448 555 1472 ,
580 1408 782 1477 legibus
801 1409 1018 1475 patriae,
1050 1408 1225 1473 pietati
1245 1406 1499 1472 bonisque
1519 1407 1751 1459 moribus
1768 1410 1978 1459 omnino

97 1486 450 1554 responderet.
