2350 3475
913 149 1051 195 cu».
1105 147 1320 195 xxxn.
1668 179 1673 186 ·
1918 141 2050 201 39⁷

160 324 293 376 haec
321 324 633 390 gemmantia
661 331 712 376 et
739 326 912 377 omnia
941 324 1191 379 defectiva
1222 327 1325 376 iam
1352 324 1509 385 hanc,
1548 325 1653 376 iam
1680 323 1831 374 aliam
1864 323 2047 374 coniu-

158 401 422 466 gationem
460 401 753 464 imitentur3
802 403 942 470 quod
978 401 1062 455 hie
1097 403 1257 455 huius
1293 404 1499 468 linguae
1536 402 1802 454 studiosos
1838 415 2046 452 monere

159 493 348 544 operae
374 480 597 546 pretium
634 479 775 531 duxi.
848 482 980 532 Nam
1018 481 1098 532 his
1128 482 1319 532 notatis
1354 485 1595 546 poterunt
1632 486 1763 530 certa
1804 477 2045 529 methodo

159 563 214 607 et
244 555 444 622 absque
471 556 810 610 haesitatione
838 560 1011 612 omnia
1038 557 1401 611 defectivorum
1420 556 1693 610 verborum
1714 556 1939 608 themata
1961 556 2048 606 in-

157 633 430 700 vestigare.

161 788 347 850 GAP.
385 788 648 853 XXXII.
733 792 831 854 De
876 793 1070 854 verbis
1125 792 1565 871 deponentibus
1618 796 1681 850 et
1724 789 1800 850 de
1845 789 2044 848 verbis

155 883 482 963 quadi-atie,
508 892 573 946 >et
601 886 790 946 obiter
817 886 894 946 de
921 887 1349 967 compositione
1375 887 1705 961 tremorum,
1740 885 2044 946 modorum

880 986 941 1040 et
973 986 1322 1061 temporum.

260 1115 658 1181 Deponentia
694 1115 798 1166 duo
842 1115 920 1167 vel
949 1117 1042 1168 tria
1083 1123 1282 1168 tantum
1322 1115 1513 1166 dantur
1538 1113 1821 1182 simplicia,
1860 1127 2045 1180 nempe

154 1197 373 1283 DDW]
413 1204 624 1264 iurare,
664 1193 844 1264 0175)
885 1219 1159 1269 pugnare,
1202 1208 1251 1254 et
1290 1201 1419 1254 forte
1457 1202 1607 1254 etiam
1651 1197 1810 1290 βω)
1832 1201 2047 1264 fultum

155 1303 290 1336 esse.
361 1288 489 1339 Dico
536 1301 774 1353 expresse
792 1271 1114 1356 simplic-ia,-
1167 1303 1289 1339 nam
1333 1289 1616 1348 intensiva,
1671 1277 1763 1338 vei
1798 1285 2043 1346 derivata,

153 1363 233 1415 vei
281 1364 541 1430 reciproca
579 1365 718 1416 nulia
747 1364 965 1426 dantur,
1005 1380 1137 1432 quae
1171 1364 1389 1416 formam
1446 1366 1638 1432 passivi
1686 1372 1738 1414 et
1774 1362 1923 1415 activi
1968 1363 2045 1413 si-

152 1448 536 1514 gnificationem
576 1451 816 1503 habeant.
891 1453 957 1502 Et
1002 1452 1118 1503 ideo
1163 1447 1353 1533 1)le
1376 1454 1559 1502 iurare
1586 1449 1873 1501 derivatum
1894 1445 2048 1499 habet

152 1532 387 1624 ψῇῐῑζῆ
429 1539 614 1590 iurare
633 1539 858 1602 faeere,
899 1538 1048 1589 euius
1074 1543 1178 1588 tam
1206 1520 1539 1603 significatio,
1583 1549 1740 1602 quam
1770 1534 1935 1586 forma
1966 1540 2046 1584 est

151 1611 341 1672 activa'.

259 1709 314 1762 2.
357 1707 525 1763 Verba
560 1715 852 1777 praeterea,
910 1721 1042 1776 quae
1080 1706 1351 1774 pluribus,
1403 1722 1557 1774 qnam
1595 1707 1765 1761 tribus
1809 1712 2047 1759 constant

151 1785 344 1847 litet-ie,
383 1787 534 1854 plura
563 1794 922 1849 numerantur,
965 1800 1121 1852 quam
1152 1800 1247 1851 ego
1277 1785 1494 1854 probare
1522 1786 1815 1851 auderem,-
1835 1793 1895 1837 nt
1920 1794 2047 1837 sunt

149 1866 640 1961 ἳῐῌἿΕρι-οἰυῆῐξ)
659 1872 959 1941 expandens
976 1872 1116 1941 (vide
1135 1870 1254 1925 sobi
1276 1886 1321 1924 e.
1334 1873 1423 1927 26.
1445 1888 1493 1924 v.
1506 1874 1558 1926 9.
1562 1874 1610 1943 ),
1633 1880 1727 1939 et,
1713 1876 2041 1969 margo-1:⁸32

149 1988 249 2041 pro
276 1978 540 2067 ΠΞΟΆἾῚ
571 1976 901 2028 conculcabit
919 1991 1036 2027 eam
1067 1975 1212 2044 (vide
1231 1975 1419 2027 Psalm.
1432 1976 1515 2030 80.
1535 1992 1579 2028 v.
1594 1976 1720 2041 14.)‚
1750 1984 1801 2028 et
1820 1974 2048 2039 '92722‘2

149 2090 247 2143 pro
285 2082 468 2141 wat-m
518 2081 747 2147 ainaha,
788 2079 1006 2131 indutm
1041 2077 1189 2143 (vide
1230 2078 1454 2131 1Paral.
1493 2094 1607 2147 cap.
1634 2055 1716 2131 15¹.
1745 2094 1796 2132 v.
1827 2086 2043 2146 antepe-

151 2171 284 2223 nult.
293 2177 343 2233 ).
405 2174 535 2227 Nam
563 2174 664 2227 hoe
689 2174 932 2226 ultimum
960 2173 1238 2225 formatum
1259 2173 1459 2225 videtur
1478 2188 1537 2226 ex
1556 2175 1765 2225 nomine
1782 2171 2040 2225 Chaldaeo

232 2325 437 2351 .....

147 2340 292 2416 galli
315 2354 608 2418 gallinacei
633 2357 865 2407 aristam.
935 2354 1114 2406 Priora
1141 2360 1319 2405 autem
1348 2353 1466 2404 vitia
1495 2352 1862 2421 exemplarium
1900 2366 2037 2412 esse,

153 2425 282 2481 mihi
322 2430 474 2483 facile
511 2431 898 2499 persuaderem.
971 2431 1102 2484 Nam
1132 2447 1236 2483 non
1266 2430 1371 2483 nisi
1410 2431 1571 2482 semel
1599 2437 1902 2495 occurrunt,
1944 2444 2042 2481 neo

149 2505 318 2557 ullum
348 2508 664 2575 primitivum
693 2508 952 2573 novimus,
985 2524 1042 2561 ex
1071 2523 1176 2576 quo
1206 2508 1517 2568 deriventur,
1550 2514 1601 2560 et
1628 2507 1862 2571 verbum,
1898 2506 2037 2573 quod

150 2585 497 2637 communiter
511 2598 572 2637 ea
589 2584 963 2653 significatione
982 2592 1283 2653 usurpatur,
1303 2585 1543 2639 videntur
1563 2585 1772 2637 referre.

273 2670 324 2723 3.
380 2670 483 2724 Sed
531 2671 614 2723 his
657 2672 968 2724 coniecturis
1021 2672 1237 2724 omissis
1294 2672 1391 2724 hoo
1434 2672 1489 2723 in
1534 2684 1719 2737 genere
1763 2677 2035 2733 notemuS,

149 2746 294 2800 nulia
315 2747 576 2801 observari
592 2747 769 2814 verba,
799 2764 934 2815 quae
954 2757 1155 2817 praeter
1174 2748 1611 2803 characteristieas
1630 2747 1800 2810 verbi,
1832 2754 2038 2815 tempo-

149 2826 220 2877 ris
248 2825 325 2878 vel
348 2838 598 2892 personae
615 2827 819 2893 piures,
858 2841 1016 2894 quam
1033 2835 1139 2878 tres
1159 2827 1337 2880 literas
1354 2825 1605 2887 habeant,
1645 2826 1746 2877 nisi
1764 2826 2035 2887 intensiva,

147 2915 285 2968 quae
303 2916 363 2953 ex
381 2903 591 2956 nomine
609 2904 786 2970 aliquo
803 2903 1123 2957 substantivo
1142 2905 1221 2957 vel
1241 2903 1486 2958 adieetivo
1504 2903 1811 2955 formantur.
1856 2902 2034 2970 (Dixi-

147 2993 270 3030 mus
305 2980 443 3032 enim
483 2994 640 3048 snpra
681 2995 796 3047 cap.
831 2981 984 3051 16.*)
1020 2980 1146 3035 haee
1182 2981 1335 3037 verba
1373 2988 1476 3034 tam
1513 2996 1573 3034 ex
1606 2980 1761 3033 verbo
1786 2980 2033 3048 simplici,

251 3114 292 3167 ⁶)
319 3114 418 3159 Vid.
439 3128 541 3172 eap.
563 3117 629 3160 ¹⁶.
649 3118 689 3168 5.
710 3119 842 3159 1-3.
