2350 3475
913 144 1050 190 car.
1104 147 1164 191 v,
1892 142 1977 202 83

77 323 166 374 3⁹.
205 320 390 387 Atque
409 321 534 374 haec
553 321 814 388 Scriptura
834 321 945 374 sola
971 321 1279 388 experientia
1304 281 1636 389 comprobat,
1676 339 1861 390 nempe
1888 326 1975 388 iis,

77 413 214 465 quas
239 405 442 459 narrat,
481 398 708 450 historiis
723 435 737 459 ,
777 414 873 450 nec
893 399 1025 452 unas
1055 399 1239 454 harum
1263 413 1433 453 rerum
1452 400 1780 454 definitiones
1800 400 1970 463 tradit,

4 483 8 492 '
75 477 176 528 sed
195 477 374 526 omnia
392 475 544 528 verba
565 483 618 527 et
634 478 860 529 rationes
877 478 1048 542 captui
1067 475 1241 543 plebis
1258 477 1629 531 accommodat.
1701 479 1769 530 Et
1788 491 1977 544 quam-

75 555 158 604 vis
179 554 495 618 experientia
511 553 708 606 nuliam
729 553 910 606 harum
931 568 1102 606 rerum
1128 553 1317 606 ciarum
1344 555 1689 619 cognitionem
1710 555 1829 606 dare
1845 570 1977 622 pos-

75 632 172 691 sit,
191 643 292 682 nec
313 630 526 692 docere,
565 631 694 696 quid
711 633 858 682 Deus
875 633 970 692 sit,
1007 639 1057 683 et
1085 645 1189 696 qua
1208 632 1401 684 ratione
1422 645 1505 682 res
1522 645 1705 684 omnes
1724 638 1978 684 sustentet

75 715 130 758 ct
147 706 340 772 dirigat
356 707 736 773 hominumque
767 723 942 760 curam
971 708 1182 770 habeam
1226 715 1396 774 potest
1414 715 1585 760 tamen
1605 709 1842 760 homines
1860 709 1978 758 tanss-

77 793 192 834 tum
211 783 400 836 docere
417 791 465 834 ct
486 783 804 847 illuminare,
843 793 1094 851 quantum
1123 785 1191 837 ad
1216 784 1563 837 obedientiam
1584 792 1637 837 et
1654 785 1976 838 devotionem

78 875 262 912 eorum
285 861 480 912 animis
493 861 898 928 imprimendum
917 862 1128 914 sufficit.
1200 863 1288 914 4⁰.
1325 861 1501 929 Atque
1518 878 1577 914 ex
1596 862 1681 914 his
1698 863 1827 914 satis
1844 861 1978 914 clare

77 943 322 988 constare
357 945 508 1003 puto,
550 939 744 1004 quihus
779 948 832 992 et
858 955 961 1006 qua
987 941 1185 994 ratione
1214 931 1343 992 fides
1370 939 1699 992 historiarum
1732 941 1787 991 in
1814 940 1976 992 sacris

0 1006 9 1091 ξ
75 1021 442 1068 contentarum
463 1017 749 1068 necessaria
769 1019 855 1068 sit.
917 1017 994 1068 Ex
1014 1017 1170 1068 modo
1190 1017 1415 1068 ostensis
1431 1017 1573 1067 enim
1594 1015 1977 1068 evidentissime

73 1091 348 1156 seqnitur,
387 1105 564 1142 earnm
595 1093 832 1144 notitiam
849 1101 902 1146 et
927 1094 1083 1146 fidem
1110 1094 1289 1158 vulgo,
1328 1094 1479 1146 cuius
1510 1094 1773 1158 ingenium
1800 1093 1867 1144 ad
1894 1108 1978 1146 res

75 1169 216 1220 clare
245 1175 300 1220 et
323 1168 566 1220 distincte
594 1171 984 1236 percipiendum
1011 1185 1114 1222 non
1142 1170 1303 1230 valet,
1338 1184 1547 1224 summe
1574 1184 1693 1221 esse
1726 1184 1977 1222 necessa-

77 1246 238 1306 riam;
277 1245 493 1307 deinde,
531 1259 681 1308 eum,
720 1248 810 1312 qui
837 1262 927 1300 eas
957 1251 1136 1312 negat,
1175 1246 1299 1311 quia
1332 1261 1435 1298 non
1468 1245 1629 1296 credit
1645 1248 1815 1298 Deum
1834 1262 1969 1309 esse,

79 1337 252 1388 neque
279 1335 402 1374 eum
431 1321 588 1374 rebus
617 1329 668 1374 et
693 1322 996 1376 hominibus
1015 1322 1307 1388 providere,
1348 1323 1565 1388 impium
1584 1336 1727 1383 csse;
1770 1324 1859 1389 qui
1878 1338 1977 1373 au-

79 1408 184 1454 tem
201 1413 298 1452 eas
315 1400 538 1465 ignorat,
569 1406 620 1450 et
638 1399 800 1452 nihilo
819 1402 996 1452 minus
1015 1400 1213 1452 iumine
1232 1399 1449 1452 naturali
1470 1400 1624 1463 novit,
1646 1401 1817 1452 Deum
1836 1413 1973 1461 esse,

79 1485 129 1528 et
153 1491 296 1543 quae
322 1490 476 1542 porro
505 1476 756 1539 diximus,
795 1485 848 1528 et
873 1476 1060 1530 deinde
1087 1491 1258 1531 veram
1288 1476 1488 1530 vivendi
1514 1477 1763 1528 rationem
1798 1475 1971 1538 hahet,

77 1553 292 1606 beatum
313 1555 528 1605 omnino
546 1568 684 1615 esse,
704 1555 812 1608 imo
830 1555 982 1621 vulgo
1000 1554 1281 1608 beatiorem
1293 1593 1311 1619 ,
1332 1555 1457 1621 qnia
1472 1560 1673 1620 praeter
1689 1568 1836 1606 veras
1854 1554 1974 1620 opi-

79 1632 264 1684 niones
291 1630 488 1682 ciarum
515 1631 731 1697 insuper
757 1639 810 1684 et
837 1632 1141 1684 distinctum
1169 1632 1325 1684 habet
1350 1639 1676 1698 conceptum.
1748 1633 1831 1683 41.
1868 1632 1976 1682 De·-

81 1709 534 1775 niquesequitur,
573 1722 722 1772 eum,
761 1710 852 1777 qui
887 1708 984 1763 has
1017 1709 1261 1766 historias
1290 1710 1581 1777 scripturae
1616 1709 1840 1775 ignorat,
1882 1722 1977 1761 nec

79 1786 280 1847 lumine
299 1784 518 1837 naturali
537 1786 737 1853 aliquid
755 1789 915 1848 novit,
937 1788 980 1838 si
1001 1803 1106 1841 non
1126 1789 1346 1856 impium
1364 1788 1473 1839 sive
1490 1795 1867 1848 contumacem,
1890 1787 1976 1837 in-

78 1864 372 1917 humanum
389 1870 562 1915 tamen
583 1878 701 1916 esse
717 1872 770 1917 et
791 1878 955 1931 paene
973 1865 1185 1917 brutum
1196 1905 1211 1928 ,
1254 1879 1349 1917 nec
1366 1864 1532 1917 ulium
1548 1865 1645 1916 Dei
1664 1864 1861 1915 donum
1880 1862 1974 1913 ha-

0 1987 9 2014 ,
76 1940 216 1991 here.
293 1942 488 1993 Verum
506 1942 592 1995 hic
609 1942 895 1993 notandum
910 1980 924 2004 .
957 1957 1054 1993 nos
1073 1957 1239 2008 quum
1258 1942 1481 1995 dicimus
1493 1979 1510 2002 ‚
1550 1942 1787 1993 notitiam
1805 1940 1975 1991 histo-

77 2019 275 2069 riarum
301 2018 456 2083 vulgo
479 2033 688 2071 summe
713 2034 830 2071 esse
858 2020 1205 2071 necessariam
1223 2058 1237 2082 ,
1278 2034 1381 2071 non
1419 2018 1701 2083 intelligere
1738 2019 1972 2072 notitiam

76 2095 314 2147 omnium
343 2108 558 2160 prorsus
583 2095 946 2158 historiarum,
985 2110 1118 2161 quae
1144 2097 1199 2147 in
1228 2098 1389 2149 sacris
1427 2095 1588 2166 literis
1606 2096 1968 2156 continentur,

77 2172 166 2223 sed
187 2179 394 2223 tantun
417 2186 596 2225 earnm
610 2210 625 2235 ‚
664 2186 799 2240 quae
817 2174 1125 2240 praecipuae
1142 2181 1267 2225 sunt
1280 2212 1295 2235 ,
1326 2180 1379 2225 et
1396 2187 1531 2240 qnae
1549 2171 1691 2225 solae
1710 2172 1827 2223 sine
1850 2170 1975 2221 reli-

75 2250 196 2314 quis
216 2248 527 2315 doctrinam,
547 2264 709 2316 quam
727 2250 884 2303 modo
903 2249 1148 2313 diximus,
1173 2249 1461 2303 evidentius
1480 2250 1779 2311 ostendunt,
1800 2247 1975 2299 homi·-

0 2334 13 2343 ·
73 2340 316 2391 numque
351 2327 556 2379 animos
591 2328 812 2379 maxime
849 2342 1053 2381 movere
1091 2333 1331 2393 possunt.
1410 2330 1498 2380 42.
1536 2329 1669 2379 Nam
1705 2327 1751 2378 si
1788 2338 1972 2377 omnes

0 2429 23 2440 κ
71 2404 374 2470 scripturae
401 2402 644 2457 historiae
675 2406 993 2457 necessariae
1021 2410 1201 2457 essent
1218 2403 1285 2455 ad
1302 2403 1416 2455 eius
1438 2403 1721 2457 doctrinam
1740 2402 1971 2471 proban-

73 2481 228 2542 dam,
267 2494 368 2532 nec
395 2480 660 2533 conclusio
687 2482 803 2533 elici
829 2489 1006 2548 posset
1033 2482 1132 2533 nisi
1161 2496 1222 2533 ex
1260 2480 1533 2533 universali
1560 2481 1971 2535 consideratione

75 2558 314 2611 omnium
333 2572 550 2625 prorsus
567 2557 898 2611 historiarum
913 2596 930 2620 ,
961 2559 1164 2625 quaein
1186 2558 1301 2624 ipsa
1320 2558 1673 2621 continentur-3
1714 2566 1826 2611 tum
1845 2572 1971 2609 sane

75 2637 156 2687 ius
183 2635 452 2687 doctrinae
488 2634 859 2689 demonstratio
894 2642 946 2689 et
979 2635 1245 2688 conclusio
1280 2650 1385 2687 non
1420 2641 1619 2687 tantum
1641 2636 1835 2703 plebis,
1874 2636 1969 2687 sed

75 2712 318 2765 absolute
359 2712 645 2765 humanum
691 2722 900 2781 captum
938 2721 988 2765 et
1022 2715 1158 2766 vires
1194 2719 1479 2779 superaret.
1560 2713 1695 2775 Quis
1730 2715 1867 2767 enim
1904 2713 1971 2764 ad

73 2797 178 2843 tam
205 2804 462 2855 magnum
491 2804 770 2843 numerum
795 2790 1130 2845 historiarum
1157 2790 1315 2843 simul
1342 2788 1605 2843 attendere
1632 2798 1811 2856 posset
1827 2797 1877 2843 et
1903 2791 1971 2844 ad

75 2875 150 2919 tot
167 2870 590 2921 circumstantias
611 2874 664 2921 et
680 2874 850 2934 partes
869 2868 1134 2921 doctrinae
1147 2904 1162 2929 .
1201 2880 1335 2933 quae
1354 2882 1417 2919 ex
1434 2875 1735 2932 tectamque
1754 2867 1970 2921 diversis

77 2945 314 2997 historiis
334 2943 552 2999 deberet
566 2942 720 2999 elici?
787 2946 874 2998 43.
910 2947 1022 3012 Ego
1042 2944 1225 2996 saltem
1243 2943 1371 2996 mihi
1392 2959 1495 3000 non
1516 2958 1732 3012 possum
1750 2958 1971 3011 persua-

75 3022 223 3087 dere,
269 3022 414 3088 quod
429 3021 668 3076 homines
685 3023 762 3075 illi
773 3060 789 3088 ,
833 3024 922 3090 qui
943 3020 1098 3075 nobis
1118 3022 1435 3089 scripturam
1449 3061 1465 3086 ,
1503 3030 1657 3089 prout
1674 3037 1787 3075 eam
1806 3020 1970 3073 habe-

73 3114 224 3167 mns,
266 3100 614 3167 reliquerunt,
656 3106 798 3153 tanto
825 3101 1033 3169 ingenio
1059 3098 1461 3162 abundaverint,
1500 3108 1559 3151 ut
1572 3098 1730 3151 talem
1750 3098 1969 3155 demon-

1464 3184 1538 3241 6.
