2350 3475
321 133 402 192 62
543 111 548 123 ’
721 135 1114 182 ΤιιΔοΤΑΤυε
1149 130 1807 178 TREOLoelco-Pou'r.

790 387 970 450 cAP.
1008 386 1112 447 lv,
1203 388 1302 448 De
1337 386 1476 468 lege
1512 387 1731 449 divina.

421 546 615 610 Legis
656 557 848 594 nomen
891 540 1126 592 absolute
1172 547 1442 608 sumptum
1488 539 1745 607 significat
1777 541 1862 602 id,
1918 541 2213 592 secundum

319 623 462 690 quod
491 619 906 684 unumquodque
941 618 1266 670 individuum
1300 618 1379 668 vel
1416 619 1589 670 omnia
1626 617 1705 668 vel
1740 618 1937 683 aliquot
1975 615 2214 669 eiusdem

319 699 508 766 speciei
538 711 640 748 una
668 697 952 760 eademque
981 702 1117 746 certa
1137 709 1199 746 ac
1218 696 1555 747 determinata
1574 697 1771 747 ratione
1789 701 1975 760 agunt3
2016 707 2075 744 ea
2095 708 2215 744 vero

319 777 397 826 vel
417 790 446 825 a
465 775 769 826 necessitate
788 781 1026 835 naturae,
1060 773 1136 824 vei
1155 772 1221 823 ab
1242 772 1511 824 hominum
1532 771 1718 838 placito
1737 771 2015 838 dependet.
2086 771 2211 832 Lex,

319 867 454 919 quae
484 868 513 903 a
541 851 845 902 necessitate
875 856 1086 900 naturae
1125 849 1413 915 dependet,
1450 850 1536 900 ilia
1580 857 1684 912 est,
1726 863 1858 914 quae
1895 863 1955 900 ex
1988 848 2105 914 ipsa
2142 847 2215 898 rei

320 937 502 980 natura
533 930 638 980 sive
667 925 968 980 definitione
997 928 1289 977 necessario
1318 928 1579 992 sequitur3
1617 926 1682 978 ab
1720 926 1989 977 hominum
2024 924 2215 991 placito

319 1013 520 1068 autem,
547 1012 614 1056 ·et
632 1019 765 1071 quae
787 1006 949 1068 magis
969 1005 1174 1069 proprie
1192 1006 1279 1054 ius
1296 1003 1606 1070 appellatur,
1640 1011 1721 1055 est
1742 1018 1827 1065 ea,
1862 1015 2015 1070 quam
2036 1002 2213 1052 homi-

319 1098 413 1135 nes
441 1085 508 1134 ad
535 1084 701 1134 tutius
731 1088 782 1134 et
810 1080 1136 1131 commodius
1163 1080 1467 1142 vivendum,
1504 1081 1584 1133 vel
1616 1080 1681 1132 ob
1703 1078 1831 1132 alias
1850 1094 2065 1142 causas,
2106 1078 2213 1130 sibi

321 1168 373 1211 et
391 1161 505 1211 aliis
525 1156 904 1227 praescribunt.
977 1159 1029 1212 2.
1067 1159 1163 1208 Ex.
1184 1173 1261 1224 gr.
1284 1156 1426 1223 quod
1442 1159 1617 1210 omnia
1639 1172 1849 1226 corpora
1867 1198 1883 1221 ,
1922 1156 2015 1208 ubi
2043 1158 2097 1207 in
2120 1155 2218 1207 alia

321 1239 519 1288 minora
550 1237 872 1302 impingunt,
909 1241 1115 1286 tantum
1143 1235 1209 1285 de
1228 1249 1326 1286 suo
1346 1242 1489 1286 motu
1509 1237 1779 1296 amittunt,
1822 1242 2075 1301 quantum
2095 1234 2215 1285 aliis

320 1315 733 1376 communicant,
770 1314 852 1364 lex
881 1321 963 1364 est
987 1311 1295 1364 universalis
1324 1326 1598 1379 corporum
1616 1352 1629 1374 ,
1668 1325 1800 1378 quae
1830 1325 1890 1364 ex
1909 1311 2221 1364 necessitate

322 1399 534 1443 naturae
553 1392 809 1457 sequitur.
883 1391 970 1442 Sic
989 1391 1162 1452 etiam,
1204 1388 1344 1454 quod
1368 1388 1539 1452 homo,
1582 1403 1747 1454 quum
1767 1391 1925 1440 unius
1946 1391 2019 1440 rei
2039 1402 2221 1441 recor-

320 1469 497 1530 detur,
537 1469 713 1519 statim
755 1467 1048 1519 recordetur
1084 1467 1297 1518 alterius
1326 1466 1545 1527 similis,
1584 1466 1664 1518 vel
1702 1481 1858 1532 quam
1898 1465 2058 1518 simul
2097 1481 2220 1518 cum

319 1547 436 1612 ipsa
455 1551 777 1612 perceperat,
801 1544 882 1594 lex
899 1550 1004 1604 est,
1041 1557 1172 1608 quae
1193 1557 1253 1593 ex
1270 1549 1453 1594 natura
1472 1543 1699 1594 humana
1718 1544 2009 1595 necessario
2032 1543 2217 1609 sequi-

321 1630 424 1672 tur.
497 1621 570 1672 At
588 1620 729 1686 quod
748 1620 982 1670 homines
1013 1619 1078 1670 de
1107 1633 1205 1669 suo
1235 1620 1375 1682 iure,
1416 1621 1556 1686 quod
1584 1634 1644 1672 ex
1671 1629 1853 1672 natura
1880 1619 2101 1687 habent,
2137 1635 2225 1671 ce-

321 1699 471 1761 dant,
510 1698 590 1749 vel
623 1697 803 1749 cedere
833 1702 1106 1761 cogantur,
1146 1703 1198 1747 et
1227 1703 1391 1749 certae
1418 1699 1604 1749 rationi
1630 1697 1829 1751 vivendi
1853 1711 1970 1749 sese
1989 1697 2223 1750 adstrin-

321 1782 472 1842 gant,
511 1789 571 1826 ex
596 1774 825 1825 humano
857 1774 1046 1840 placito
1073 1774 1283 1840 pendet.
1358 1776 1410 1826 3.
1449 1775 1515 1825 Et
1546 1775 1781 1841 quamvis
1818 1775 2054 1827 absolute
2090 1787 2226 1826 con-

322 1853 534 1914 cedam,
574 1853 750 1902 omnia
790 1865 850 1902 ex
885 1850 1092 1915 legibus
1129 1852 1510 1903 universalibus
1548 1859 1763 1903 naturae
1792 1851 2123 1905 determinari
2154 1854 2225 1903 ad

322 1929 648 1981 existendum
677 1935 728 1979 et
756 1927 1074 1994 operandum
1107 1935 1241 1979 certa
1271 1941 1332 1979 ac
1358 1928 1695 1981 determinata
1723 1930 1945 1990 ratione;
1990 1928 2105 1979 dico
2137 1936 2225 1981 ta—

321 2021 442 2058 men
463 2007 554 2057 has
575 2007 715 2072 leges
734 2021 791 2057 ex
811 2005 1000 2072 placito
1019 2004 1288 2056 hominum
1308 2006 1555 2073 pendere.
1626 2006 1672 2057 1.
1710 2006 1844 2069 Quia
1863 2006 2019 2057 homo
2036 2046 2051 2069 ,
2083 2022 2225 2072 qua—

322 2092 474 2135 tenus
507 2098 624 2149 pars
652 2089 731 2134 est
758 2090 996 2144 naturae,
1036 2089 1252 2133 eatenus
1281 2089 1479 2149 partem
1508 2082 1766 2150 potentiae
1785 2090 1999 2135 naturae
2018 2086 2224 2136 consti-

321 2162 439 2212 tuit.
514 2162 660 2224 Quae
683 2161 838 2225 igitur
856 2174 916 2211 ex
935 2162 1241 2211 necessitate
1258 2166 1471 2212 naturae
1490 2158 1747 2211 humanae
1767 2168 2086 2226 sequuntur,
2121 2161 2225 2213 hoc

322 2245 427 2302 est,
469 2252 527 2289 ex
557 2244 738 2289 natura
769 2238 911 2303 ipsa,
951 2244 1209 2303 quatenus
1240 2250 1352 2289 eam
1371 2251 1463 2303 per
1482 2245 1717 2289 naturam
1736 2236 2016 2289 humanam
2039 2236 2222 2290 deter-

323 2317 570 2367 minatam
599 2316 952 2381 concipimus,
992 2328 1080 2377 ea,
1119 2315 1323 2365 etiamsi
1354 2316 1678 2378 necessario,
1720 2322 2013 2380 sequuntur
2041 2322 2220 2367 tamen

321 2392 387 2443 ab
407 2392 634 2445 humana
654 2392 902 2458 potentia.
975 2392 1147 2455 Quare
1165 2392 1491 2443 sanctionem
1510 2392 1729 2443 istarum
1750 2390 1923 2457 legum
1955 2406 2015 2444 ex
2042 2390 2223 2443 homi-

323 2484 452 2521 num
474 2469 658 2535 placito
679 2468 904 2535 pendere
923 2470 1115 2535 optime
1138 2468 1242 2519 dici
1260 2475 1459 2534 potest‚·
1500 2470 1618 2535 quia
1646 2468 1923 2535 praecipue
1941 2482 1971 2519 a
1989 2471 2225 2535 potentia

321 2547 580 2598 humanae
600 2546 788 2596 mentis
809 2546 882 2596 ita
901 2545 1117 2611 pendet,
1157 2553 1219 2596 ut
1233 2544 1393 2596 nihilo
1414 2546 1587 2596 minus
1606 2543 1831 2596 humana
1866 2560 2040 2608 mens,
2083 2560 2226 2611 qua-

324 2632 478 2675 tenus
505 2638 587 2675 res
618 2621 716 2674 sub
747 2624 940 2674 ratione
969 2624 1072 2675 veri
1093 2632 1142 2674 et
1164 2621 1282 2672 falsi
1306 2622 1550 2688 percipit,
1590 2622 1703 2673 sine
1722 2622 1865 2673 hisce
1884 2621 2087 2689 legibus
2108 2623 2223 2673 cia-

325 2702 530 2754 tissime
547 2701 747 2766 concipi
765 2700 962 2766 possit;
1001 2707 1052 2750 at
1070 2714 1173 2750 non
1194 2700 1307 2749 sine
1326 2698 1435 2764 iege
1454 2700 1765 2761 necessaria,
1789 2707 1850 2750 ut
1870 2699 2025 2750 modo
2044 2700 2219 2765 ipsam

326 2777 687 2831 definivimus.'
745 2778 798 2828 4.
835 2779 905 2828 Π.
935 2776 1047 2827 Has
1076 2776 1217 2842 leges
1237 2791 1296 2827 ex
1311 2776 1499 2841 placito
1518 2774 1792 2828 hominum
1811 2775 2037 2842 pendere
2058 2776 2217 2827 etiam

326 2856 456 2919 dixi,
497 2854 619 2919 quia
639 2867 722 2906 res
738 2868 835 2922 per
851 2855 1107 2921 proximas
1127 2864 1252 2904 suas
1272 2866 1454 2904 causas
1476 2852 1688 2905 definire
1710 2861 1762 2905 et
1779 2853 2026 2919 explicare
2046 2852 2216 2905 debe-

324 2946 445 2984 mus
460 2970 474 2993 ,
514 2938 564 2983 et
583 2931 668 2982 ilia
687 2930 990 2982 universalis
1011 2929 1349 2983 consideratio
1368 2929 1433 2982 de
1453 2929 1557 2983 fato
1578 2938 1628 2983 et
1645 2931 2063 2983 concatenatione
2082 2944 2217 2983 cau-

327 3023 501 3061 sarum
529 3007 741 3060 minime
767 3008 920 3058 nobis
945 3006 1189 3059 inservire
1218 3014 1389 3075 potest
1415 3008 1482 3061 ad
1501 3015 1703 3060 nostras
1724 3009 2057 3072 cogitationes
2076 3008 2215 3059 circa

254 3131 267 3151 ,
326 3100 410 3140 tes
437 3085 769 3154 particulares
806 3084 1102 3139 formandas
1139 3091 1296 3153 atque
1330 3086 1664 3141 ordinandas.
1734 3083 1913 3149 Adde,
1950 3083 2091 3153 quod
2113 3100 2215 3138 nos
