2350 3475
353 148 480 212 212
754 153 1142 206 Tmen-rus
1186 155 1839 202 TflEoLOGlco-Pomr.

355 329 636 395 divisione,
676 339 727 384 et
747 341 1123 400 consequenter
1142 335 1494 388 destructione
1515 333 1683 386 fucere
1699 334 1992 401 potuerint,
2032 347 2095 385 eo
2126 334 2247 401 ipso

355 422 412 460 se
432 409 640 462 arbitrio
661 424 894 462 summae
915 413 1183 479 potestatis
1211 413 1445 464 absolute
1472 412 1861 464 submiserunt:
1901 411 2042 478 quod
2074 425 2245 475 quum

353 485 592 538 absolute
629 487 870 550 fecerint,
911 488 1096 554 idque,
1136 497 1197 540 ut
1229 491 1331 541 iam
1370 488 1694 542 ostendimus
1714 488 1792 555 Ι),
1838 496 1890 540 et
1928 489 2247 539 necessitate

353 571 566 628 cogente
587 571 638 615 et
657 564 767 629 ipse
787 565 982 616 ratione
1000 566 1251 618 suadente
1264 605 1278 628 ,
1310 567 1431 618 binc
1450 568 1709 633 sequitur,
1743 565 1902 632 quod,
1938 566 2041 617 nisi
2062 565 2245 616 bostes

349 639 554 705 imperii
585 654 700 692 esse
726 640 946 693 velimus
963 651 1016 694 et
1035 651 1209 695 contre
1231 644 1479 696 rationem
1500 645 1775 709 imperium
1796 643 2020 695 summis
2038 641 2245 694 viribus

353 715 630 768 defendere
659 716 967 770 suadentem
999 734 1175 785 agere,
1217 723 1387 772 omnia
1425 719 1661 772 absolute
1697 734 1932 772 summae
1971 719 2247 786 potestatis

351 793 593 844 mandute
629 795 832 861 exsequi
873 801 1139 858 tenemus,
1181 798 1383 849 temetsi
1420 796 1798 848 absurdissime
1834 798 2083 864 imperet3
2123 793 2246 846 teliu

2303 0 2309 300 1

353 870 494 922 euim
514 871 641 922 ratio
661 873 870 937 exsequi
891 873 1046 925 etiem
1067 874 1239 936 iubet,
1281 882 1338 926 ut
1366 874 1431 925 de
1460 873 1669 925 duobus
1695 873 1843 926 melis
1872 875 2059 928 minus,
2079 872 2247 937 elige·-
2310 889 2312 900 ·

351 961 493 998 mus.
563 948 651 1002 28.
680 947 833 1000 Adde
855 948 994 1015 quod
1018 950 1112 1002 boc
1133 951 1453 1018 periculum,
1492 965 1551 1002 se
1570 951 1773 1002 scilicet
1791 951 2001 1003 ulterius
2022 949 2245 1016 imperio

353 1030 403 1074 et
422 1023 632 1076 arbitrio
651 1024 890 1078 absolute
910 1027 1273 1089 submittendi,
1308 1028 1459 1080 facile
1478 1029 1841 1094 unusquisque
1860 1027 2001 1079 edire
2018 1033 2241 1094 poteret.

349 1100 508 1161 Nam,
562 1109 622 1152 ut
657 1103 1008 1164 ostendimus,
1057 1107 1281 1156 summis
1315 1104 1660 1172 potestatibus
1694 1104 1792 1156 boc
1828 1105 1940 1165 ius,
1990 1102 2243 1171 quicquid

353 1177 510 1230 veiint
543 1178 855 1245 imperandi,
913 1188 1018 1232 tam
1055 1180 1144 1232 diu
1185 1188 1383 1232 tentum
1422 1183 1691 1248 competit,
1743 1195 1898 1247 quom
1936 1181 2025 1231 diu
2069 1191 2243 1231 revera
2306 1241 2313 1262 ·

352 1267 609 1306 summam
637 1255 827 1309 babent
855 1264 1190 1324 potestatem3
1230 1259 1370 1324 quod
1406 1261 1451 1310 si
1490 1259 1707 1311 eundem
1749 1259 2043 1319 emiserint,
2082 1255 2242 1308 simul

353 1333 506 1383 etiam
538 1333 620 1384 ius
648 1336 820 1385 omnia
843 1334 1127 1399 imperandi
1147 1337 1414 1399 emittunt,
1454 1337 1575 1387 etin
1596 1350 1717 1387 eum
1736 1335 1811 1386 vei
1832 1349 1923 1386 eos
1944 1334 2110 1396 cedit,
2151 1332 2243 1400 qui

347 1409 526 1475 Ipsum
561 1413 944 1476 acquisiverunt
980 1418 1031 1462 et
1067 1413 1286 1463 retinere
1322 1421 1563 1478 possunt.
1635 1412 1721 1465 29.
1764 1413 2091 1477 Quapropter
2128 1423 2244 1461 raro

351 1486 632 1539 admodum
655 1491 949 1554 contingere
967 1497 1164 1554 potest,
1204 1497 1264 1540 ut
1292 1503 1527 1540 summae
1556 1496 1837 1556 potestates
1862 1488 2243 1540 absurdissime

351 1563 632 1630 impereut;
683 1567 811 1632 ipsis
850 1566 986 1617 enim
1026 1567 1243 1616 maxime
1279 1565 1558 1631 incumbit,
1610 1572 1671 1616 ut
1702 1565 1803 1616 sibi
1842 1565 2159 1631 prospiciant
2192 1569 2244 1614 et

353 1640 630 1706 imperium
653 1643 921 1704 retineant,
954 1646 1217 1694 communi
1240 1643 1375 1694 bono
1396 1643 1665 1694 consulere
1687 1649 1735 1694 et
1756 1644 1930 1694 omnis
1950 1656 2008 1692 ex
2029 1641 2241 1692 rationis

353 1716 628 1769 dictamine
649 1718 885 1784 dirigere.
929 1719 1203 1783 „Vioientu
1225 1720 1362 1771 enim
1384 1721 1611 1787 imperia,
1638 1727 1695 1772 ut
1714 1719 2062 1781 aitSenecss),
2088 1731 2243 1770 nemo
2315 1772 2316 1789 1

353 1795 605 1845 continuit
638 1794 794 1846 diu.“
868 1796 954 1849 30.
994 1796 1202 1860 Quibus
1229 1797 1453 1859 accedit,
1494 1797 1632 1864 quod
1674 1799 1725 1848 in
1762 1797 2104 1849 democretico
2140 1796 2244 1847 im-

357 1871 499 1937 perio
521 1872 696 1923 minus
723 1871 952 1924 timendo
979 1880 1104 1926 sunt
1130 1873 1381 1935 absai-du
1424 1889 1543 1926 uem
1566 1875 1671 1926 fere
1690 1873 2020 1940 impossibiie
2038 1880 2146 1937 est,
2184 1878 2245 1924 ut

353 1948 520 2000 maior
540 1948 694 2000 unius
714 1958 891 2001 coetus
913 1964 1051 2016 pers,
1083 1952 1130 2001 si
1148 1966 1365 2017 mugnus
1378 1958 1477 2012 est,
1508 1952 1560 2002 in
1582 1966 1686 2003 uuo
1704 1951 1930 2003 absurdo
1952 1952 2239 2002 conveniat.

355 2024 556 2078 Deinde
575 2034 783 2092 propter
801 2028 914 2080 eius
935 2026 1332 2079 fundamentum
1353 2036 1401 2079 et
1422 2027 1575 2080 finem
1594 2067 1608 2090 ,
1651 2029 1743 2095 qui
1757 2067 1770 2090 ,
1804 2036 1861 2078 ut
1878 2028 2034 2079 etiem
2056 2034 2240 2078 osten-

357 2099 550 2167 dimus,
587 2104 762 2155 nuiius
776 2105 910 2157 alius
923 2112 1017 2170 est,
1052 2120 1211 2170 quam
1232 2104 1454 2157 absurda
1476 2106 1735 2173 appetitus
1752 2105 1909 2156 vitare
1930 2112 1981 2155 et
2000 2104 2239 2156 homines

355 2178 458 2230 sub
479 2181 694 2233 rationis
723 2181 943 2244 limites,
981 2182 1152 2249 quoad
1182 2183 1296 2235 eius
1324 2182 1431 2235 fieri
1461 2189 1656 2249 potest,
1696 2184 1987 2240 continere,
2026 2188 2087 2231 ut
2112 2193 2243 2231 con·-

357 2256 580 2309 corditer
601 2264 655 2309 et
679 2258 888 2324 pacifice
913 2260 1110 2321 vivent;
1151 2259 1292 2325 quod
1322 2258 1715 2311 fundamentum
1740 2260 1786 2309 si
1818 2258 2021 2310 tonatur
2037 2297 2052 2319 ‚
2094 2255 2241 2308 facile

357 2338 460 2384 tota
482 2333 670 2385 fabrice
690 2342 822 2387 ruet.
873 2336 959 2388 31.
990 2338 1086 2387 His
1107 2350 1229 2401 ergo
1248 2337 1509 2402 providere
1528 2350 1763 2387 summae
1777 2341 1978 2387 tentum
1999 2334 2239 2402 potestati

356 2410 637 2473 incumbit,
675 2411 900 2464 subditis
936 2420 1137 2477 eutem,
1176 2413 1253 2464 uti
1296 2413 1545 2474 diximus,
1586 2412 1699 2463 eius
1736 2412 1972 2464 mandute
2010 2412 2237 2477 exsequi,

356 2500 453 2537 nec
491 2488 629 2540 eliud
667 2489 752 2540 ius
787 2504 1090 2555 agnoscere,
1131 2505 1289 2555 quam
1328 2490 1465 2555 quod
1505 2503 1708 2540 summe
1745 2498 1974 2557 potestas
2010 2490 2096 2540 ius
2123 2502 2239 2539 esse

357 2561 600 2617 declaret.
671 2567 758 2617 32.
790 2567 860 2617 At
878 2567 1049 2618 forsan
1073 2567 1259 2632 aliquis
1279 2565 1481 2633 putabit
1496 2604 1509 2627 ,
1551 2579 1645 2616 nos
1667 2566 1761 2617 bec
1783 2568 1981 2617 ratione
2000 2564 2238 2617 subditos

358 2652 536 2693 servos
555 2642 716 2695 facere
728 2680 745 2707 ,
787 2644 906 2708 quie
927 2650 1109 2711 putent
1125 2659 1332 2695 servum
1352 2656 1469 2695 esse
1486 2657 1607 2695 eum
1622 2681 1635 2704 ,
1669 2646 1758 2708 qui
1779 2656 1838 2694 ex
1856 2642 2099 2697 mandato
2118 2644 2235 2708 egit,

357 2722 411 2767 et
428 2717 676 2784 libertem,
714 2721 804 2785 qui
825 2721 997 2772 animo
1018 2734 1113 2773 suo
1135 2735 1331 2772 morem
1348 2720 1504 2787 gerit3
1544 2720 1684 2785 quod
1712 2720 1925 2786 quidem
1952 2732 2057 2770 non
2086 2718 2239 2771 ubso-

359 2791 466 2844 lute
486 2808 662 2846 verum
683 2804 780 2847 est.
851 2798 982 2851 Nem
1001 2812 1171 2851 revere
1192 2798 1239 2850 is
1258 2798 1351 2864 qui
1370 2812 1399 2848 n
1418 2812 1515 2850 sue
1535 2797 1793 2863 voluptate
1816 2797 1885 2848 ito
1906 2797 2123 2847 trabitur
2137 2835 2151 2858 ,
2190 2802 2239 2847 et

359 2870 520 2934 nibil,
567 2873 708 2939 quod
744 2873 846 2925 sibi
882 2874 1008 2927 utile
1041 2882 1148 2935 est,
1184 2876 1356 2928 videre
1393 2888 1560 2943 neque
1598 2889 1747 2943 egere
1780 2882 1981 2943 potest,
2024 2875 2239 2928 maxime

466 3058 510 3108 1)
539 3054 635 3102 vid.
657 3059 698 3110 ς.
721 3060 785 3102 12.
807 3070 910 3116 sqq.

463 3117 510 3169 2)
536 3116 636 3161 vid.
659 3115 821 3163 Senec.
844 3119 1012 3163 Troad·
1035 3124 1124 3164 act.
1146 3119 1211 3165 n.
1230 3132 1273 3165 v.
1292 3120 1383 3164 258.
1420 3119 1553 3167 Cous.
1575 3122 1735 3185 0³1²·‚5-
1768 3121 1807 3171 §-
1824 3118 1893 3161 22.
