2350 3475
883 103 1020 151 car.
1073 105 1263 152 xvm.
1888 99 2016 161 247

90 286 278 343 nunt,
295 293 401 332 non
419 277 647 344 fide,sed
665 277 1017 334 imbecillitate
1029 281 1344 334 Iudaeorum
1362 279 1531 332 securi
1549 279 1670 334 iacti
1686 281 1763 349 ¹).
1787 281 1871 334 17.
1884 283 2013 334 Nam

115 357 310 424 paucis
341 362 462 424 post
487 357 666 420 annis,
705 358 1018 411 Iudaeorum
1044 357 1243 410 viribus
1270 357 1503 421 refectis,
1541 372 1731 412 novum
1760 357 2015 428 proelium

116 447 314 486 rursus
351 434 709 497 committunt,
756 436 810 487 in
849 449 952 501 quo
987 436 1176 487 iterum
1213 435 1473 488 Israelitae
1508 436 1721 487 victores
1768 433 2011 497 evadunt,

119 516 338 563 centum
368 518 420 563 et
444 511 624 578 viginti
649 510 812 564 millia
838 512 1149 566 Iudaeorum
1167 511 1449 576 trucidant,
1490 513 1735 564 mulieres
1753 519 1804 564 et
1820 510 2015 571 liberos

121 601 311 638 eorum
331 602 500 656 usque
519 587 584 640 ad
605 587 824 642 ducenta
843 590 1007 642 millia
1025 590 1253 656 captivos
1272 589 1487 652 ducunt,
1502 603 1845 657 magnamque
1864 599 2016 654 prae—

123 663 251 716 dam
279 664 468 716 iterum
488 666 693 732 rapiunt
706 667 792 734 2);
830 674 986 733 atque
1004 667 1086 718 his
1105 674 1157 718 et
1174 667 1288 718 aliis
1310 666 1537 732 proeliis,
1560 668 1767 734 quaein
1785 665 2015 717 historiis

123 741 298 794 obiter
339 750 642 804 narrantur,
691 746 984 810 consumpti
1030 743 1221 810 praeda
1266 745 1475 796 tandem
1509 743 1751 797 hostibus
1786 743 2014 795 fuerunt.

130 819 218 870 18.
257 818 458 872 Deinde
486 821 535 872 si
563 820 719 871 etiam
746 827 976 887 tempora
1009 828 1243 887 reputare
1270 821 1515 886 velimus,
1557 821 1751 887 quibus
1780 818 2019 872 absoluta

126 909 260 961 pace
280 895 380 948 frui
398 896 565 959 licuit,
597 911 838 962 magnam
857 898 1174 964 reperiemus
1196 898 1617 966 discrepantiam.
1692 898 1859 964 Saepe
1877 897 2018 949 enim

129 978 255 1024 ante
273 985 420 1038 reges
449 971 783 1040 quadraginta
796 975 854 1042 ⁸)
873 1013 886 1036 ,
919 980 972 1026 et
997 975 1159 1026 semel
1187 973 1353 1040 (quod
1382 975 1523 1026 omni
1554 975 1795 1041 opinione
1822 972 2019 1040 maius)

129 1048 582 1116 octoginta‘annos
609 1050 724 1102 sine
749 1049 886 1103 bello
925 1057 1130 1102 externo
1158 1050 1235 1103 vel
1264 1051 1467 1103 interno
1499 1051 1819 1103 concorditer
1848 1057 2020 1102 trans-

54 1128 56 1130 ’
135 1126 447 1194 eger-unu).
523 1127 605 1178 19.
642 1126 712 1178 At
741 1134 1014 1194 postquam
1035 1142 1184 1194 reges
1203 1128 1477 1194 imperium
1504 1127 1677 1195 adepti
1704 1134 1855 1190 sunt,
1896 1127 2017 1193 quia

43 1255 48 1261 ,
131 1217 240 1254 non
267 1203 490 1270 amplius
517 1210 578 1254 ut
601 1211 754 1256 antea
782 1219 874 1271 pro
901 1219 1025 1271 pace
1045 1212 1094 1257 et
1111 1204 1373 1266 libertate,
1412 1203 1506 1256 sed
1525 1219 1618 1271 pro
1636 1204 1796 1270 gloria
1816 1210 2021 1255 certan-

132 1279 262 1330 dum
283 1285 416 1342 erat,
437 1293 620 1332 omnes
638 1286 840 1348 praeter
855 1296 1022 1334 uuum
1041 1281 1372 1332 Salomonem
1391 1281 1569 1348 (cuius
1586 1281 1747 1334 virtus
1760 1319 1775 1342 ,
1807 1281 2021 1347 sapien-

132 1357 209 1408 tia
235 1356 456 1418 scilicet,
493 1357 680 1410 melius
707 1359 760 1410 in
781 1372 932 1425 pace,
973 1374 1132 1425 quam
1153 1358 1207 1409 in
1226 1357 1363 1410 bello
1383 1365 1617 1410 constare
1637 1357 1863 1425 poterat)
1884 1355 2020 1408 bella

135 1435 364 1500 gessisse
411 1432 653 1499 legimus.
724 1435 964 1488 Accessit
1011 1436 1199 1488 deinde
1247 1435 1517 1487 exitiabilis
1554 1433 1801 1500 regnandi
1835 1432 2018 1494 libido,

139 1525 272 1578 quae
289 1509 552 1578 plerisque
569 1514 668 1565 iter
685 1512 748 1564 ad
767 1527 984 1579 regnum
1004 1513 1288 1565 admodum
1309 1519 1579 1564 cruentum
1600 1513 1739 1564 fecit.
1794 1510 1881 1566 20.
1911 1511 2021 1560 De-

139 1591 300 1657 nique
325 1587 464 1653 leges
492 1591 706 1642 durante
734 1589 916 1656 populi
944 1604 1102 1654 regno
1127 1591 1451 1657 incorruptae
1480 1594 1782 1640 manserunt
1808 1593 1860 1639 et
1895 1600 2022 1637 con-

139 1667 364 1718 stantius
391 1669 688 1722 observatae
714 1666 948 1718 fuerunt.
1019 1667 1150 1718 Nam
1180 1674 1297 1719 ante
1328 1681 1472 1733 reges
1490 1664 1795 1733 paucissimi
1813 1663 2022 1716 fuerunt

138 1745 449 1813 prophetae,
485 1746 578 1813 qui
614 1745 864 1813 populum
903 1751 1199 1807 monerent3
1240 1751 1358 1810 post
1393 1744 1612 1797 electum
1650 1750 1823 1795 autem
1849 1755 2022 1807 regem

135 1824 384 1890 permulti
410 1824 568 1877 simul
597 1822 826 1875 fuerunt.
895 1820 1164 1873 Hobadias
1194 1835 1419 1887 namque
1439 1830 1647 1873 centum
1666 1835 1695 1872 a
1714 1819 1868 1871 caede
1887 1817 2023 1869 libe-

137 1901 266 1952 ravit
290 1915 488 1969 eosque
513 1900 868 1961 abscondidit,
907 1913 972 1951 ne
1001 1913 1119 1949 cum
1148 1897 1363 1963 reliquis
1400 1898 1755 1950 occiderentur
1770 1898 1844 1965 ⁵).
1915 1896 2024 1947 Nec

140 1976 378 2033 videmus
414 1978 556 2045 quod
583 1975 810 2045 populus
839 1975 960 2027 ullis
988 1974 1134 2027 falsis
1169 1976 1437 2042 prophetis
1475 1977 1722 2041 deceptus
1757 1974 1880 2033 fuit,
1919 1971 2024 2021 nisi

138 2060 418 2121 postquam
437 2055 712 2123 imperium
733 2051 940 2118 regibus
960 2051 1136 2114 cessit,
1168 2050 1362 2118 quibus
1384 2052 1617 2119 plerique
1637 2050 1887 2104 assentari
1906 2053 2023 2099 stu-

138 2131 284 2183 dent.
357 2132 446 2187 21.
482 2132 634 2184 Adde
663 2129 804 2197 quod
832 2129 1088 2195 populus,
1130 2130 1280 2181 cuius
1302 2128 1609 2195 plerumque
1628 2130 1837 2180 animus
1858 2140 1949 2194 pro
1969 2138 2023 2175 re

137 2214 259 2259 nata
287 2222 508 2275 magnus
533 2209 613 2262 vel
644 2205 858 2259 humilis
875 2212 980 2269 est,
1023 2206 1173 2259 facile
1194 2221 1249 2258 se
1269 2207 1321 2257 in
1341 2204 1717 2257 calamitatibus
1738 2202 2025 2269 corrigebat

139 2291 193 2337 et
219 2284 284 2335 ad
307 2286 476 2337 Deum
507 2282 856 2342 convertebat,
894 2282 1142 2349 legesque
1167 2281 1499 2342 restituebat,
1522 2288 1588 2333 ‘et
1617 2280 1714 2331 hoc
1732 2280 1889 2331 modo
1908 2293 2023 2331 sese

139 2361 296 2413 etiam
333 2364 478 2415 omni
515 2361 740 2429 periculo
777 2358 1096 2427 expediebat.
1170 2362 1356 2411 Contra
1392 2372 1563 2423 reges,
1604 2370 1827 2424 quorum
1863 2358 2023 2407 animi

139 2452 344 2504 semper
361 2452 526 2504 aeque
545 2439 662 2491 elati
681 2445 819 2499 sunt,
843 2450 942 2489 nec
959 2436 1096 2489 flecti
1113 2435 1311 2502 absque
1330 2434 1613 2501 ignominia
1630 2438 1871 2507 possunt,
1903 2447 2023 2499 per-
2098 2432 2113 2450 ⁸

140 2516 376 2567 tinaciter
393 2517 529 2569 vitiis
547 2516 895 2569 adhaeserunt
913 2526 1082 2578 usque
1101 2512 1164 2563 ad
1186 2526 1489 2579 supremum
1510 2512 1657 2564 urbis
1676 2510 1951 2563 excidium.

241 2593 330 2647 22.
365 2592 442 2645 Ex
468 2592 550 2645 his
579 2592 861 2645 clarissime
893 2589 1156 2651 videmus,
1197 2591 1242 2641 Ι.
1276 2605 1433 2655 quam
1453 2592 1801 2658 perniciosum
1820 2596 1874 2641 et
1900 2590 2023 2642 reli-

139 2668 282 2736 gioni
301 2677 352 2721 et
369 2669 684 2736 reipublicae
701 2670 796 2731 sit,
835 2681 1102 2721 sacrorum
1122 2666 1372 2719 ministris
1389 2668 1475 2721 ius
1493 2667 1705 2737 aliquod
1725 2668 2022 2721 decretandi

245 2814 288 2865 1)
311 2812 414 2857 vid.
433 2816 460 2853 2
479 2811 648 2857 Chron.
668 2813 737 2867 25,
755 2812 821 2853 21.
843 2824 946 2869 sqq.

243 2874 291 2925 2)
315 2872 417 2916 vid.
436 2872 465 2913 2
483 2871 652 2917 chron.
673 2872 742 2927 28,
763 2872 805 2916 5.
825 2882 929 2928 sqq.

245 2934 291 2983 3)
315 2931 418 2975 vid.
439 2932 589 2976 indic.
610 2932 653 2986 8,
675 2934 738 2974 ιι.
761 2932 802 2988 5,
821 2933 889 2975 31.

243 2992 291 3044 4)
317 2990 416 3035 vid.
442 2989 592 3035 indic.
611 2992 656 3047 8,
675 2992 748 3033 80.

247 3052 289 3104 ⁵)
315 3050 416 3097 vid.
435 3052 464 3092 2
480 3050 596 3108 neg.
617 3052 685 3106 ts,
703 3052 743 3092 4.
767 3050 832 3092 ιε.
