2350 3475
388 95 430 156 7
429 95 471 157 8
780 97 1172 144 ΤΒΔΟΤΔΤΙΙ8
1209 97 1607 144 ‘rflBoLofflco
1620 121 1645 132 -
1654 96 1865 146 Pom'r.

385 276 550 343 magis
579 282 876 338 teneantur,
917 290 1074 342 quam
1107 282 1383 342 antequam
1420 291 1596 328 eorum
1618 277 1853 328 societas
1888 283 1943 328 et
1978 277 2303 344 respublica

383 354 661 421 inceperim
704 354 830 405 dum
857 353 996 404 enim
1022 354 1156 404 inter
1180 353 1309 404 alias
1338 355 1573 405 nationes
1600 360 1719 404 ante
1749 355 1937 406 exitum
1957 369 2016 407 ex
2035 354 2301 424 Aegypto

383 431 617 482 vixerunt
630 469 645 491 ,
676 429 846 481 nullas
865 429 1006 494 leges
1023 430 1309 496 peculiares
1328 429 1619 482 habuerunt
1632 469 1646 493 ,
1686 445 1781 482 nee
1800 431 1906 483 ullo
1928 432 2031 484 nisi
2050 439 2303 489 naturali

382 509 494 559 iure
511 514 564 559 et
579 508 694 559 sine
715 505 876 558 dubio
897 508 1052 558 etiam
1068 509 1183 559 iure
1199 506 1538 574 reipublicae,
1579 510 1633 558 in
1652 523 1757 574 qua
1777 507 2039 569 vivebant,
2080 521 2301 575 quate-

381 599 483 636 nus
505 584 603 649 legi
623 583 826 634 divinae
846 584 1062 636 naturali
1086 599 1191 636 non
1211 584 1545 651 repugnabat,
1587 583 1912 637 tenebantur.
1989 587 2073 636 16.
2114 587 2301 650 Quod

381 659 886 726 antempatriarchae
913 662 1023 711 Deo
1053 661 1492 726 sacrificaverunt,
1531 662 1585 712 id
1614 663 1803 713 fecisse
1831 669 1981 728 puto,
2023 670 2095 714 ιιι·
2112 679 2300 718 suum

380 739 642 797 animum,
681 751 838 802 quem
865 752 894 788 a
925 739 1147 804 pueritia
1175 738 1439 790 sacrificiis
1466 747 1735 790 assuetum
1776 737 2063 801 habebant,
2106 746 2301 808 magis

381 813 446 866 ad
473 812 795 865 devotionem
821 815 1118 874 incitatum
1158 829 1344 866 omnes
1372 816 1509 867 enim
1539 815 1775 866 homines
1808 830 1837 866 a
1867 823 2095 882 tempore
2124 818 2299 872 Enos

381 889 646 941 sacrificiis
660 890 816 956 plane
835 900 1235 954 consueverant,
1261 896 1329 942 ita
1349 899 1408 944 ut
1423 894 1493 943 iis
1516 893 1733 944 maxime
1754 893 1817 943 ad
1841 893 2169 945 devotionem
2200 899 2301 948 in-

381 969 678 1020 citarentur.
749 968 1070 1020 Patrierchae
1089 970 1247 1035 igitur
1265 984 1369 1020 non
1392 984 1451 1019 ex
1470 971 1579 1020 iure
1599 969 1773 1033 aliquo
1791 968 1963 1020 divino
1982 970 2299 1036 imperante

375 1044 453 1096 vei
481 1058 540 1095 ex
569 1044 945 1097 universalibus
975 1044 1329 1097 fundamentis
1359 1046 1487 1110 legis
1513 1046 1713 1096 divinae
1734 1047 1927 1108 edocti,
1966 1047 2057 1097 sed
2078 1062 2140 1098 ex
2168 1053 2299 1104 sola

377 1122 520 1173 illius
541 1123 790 1188 temporis
809 1122 1189 1175 consuetudine
1207 1125 1317 1172 Deo
1336 1122 1745 1174 sacrificaverunt
1759 1163 1772 1185 ,
1812 1129 1865 1173 et
1892 1124 1935 1172 si
1970 1137 2029 1172 ex
2046 1123 2297 1180 alicuius

377 1199 622 1250 mandato
638 1199 694 1251 id
715 1199 972 1264 fecerunt,
995 1199 1294 1252 mandatum
1320 1198 1450 1250 iuud
1470 1199 1670 1250 nulium
1690 1199 1830 1250 aliud
1852 1198 1973 1261 fuit,
1999 1214 2167 1265 quam
2196 1205 2297 1256 ius

376 1274 706 1341 reipublicae,
728 1277 784 1328 iu
807 1292 910 1343 qua
927 1275 1187 1334 vivebant:
1231 1291 1335 1342 quo
1354 1277 1508 1327 etiam
1532 1275 1734 1342 (utiam
1756 1276 1838 1327 hic
1858 1283 1911 1326 et
1928 1277 2081 1328 etiam
2102 1283 2297 1346 eapite

376 1354 571 1417 tertio,·
595 1367 760 1419 quum
795 1354 862 1406 dc
888 1350 1237 1409 Maikitsedek
1270 1353 1469 1420 loquuti
1507 1367 1721 1415 sumus»,
1762 1353 2083 1420 notavimus)
2121 1361 2298 1409 tene-

374 1428 581 1482 bantur.

483 1506 566 1558 17.
604 1507 704 1558 His
721 1513 868 1572 puto,
891 1522 974 1559 me
995 1523 1164 1560 meam
1182 1507 1491 1560 sententiam
1512 1507 1805 1572 scripturae
1824 1509 2121 1559 auctoritate
2142 1524 2299 1563 con-

374 1583 678 1634 firmavisse.
719 1583 1089 1648 Superestiam
1109 1585 1407 1647 ostendere,
1440 1583 1757 1649 quomodo
1782 1591 1843 1634 et
1869 1599 1989 1650 qua
2017 1587 2189 1636 ratio
2208 1604 2295 1642 ne

373 1659 777 1710 ceremoniae
822 1659 1279 1716 inserviebant
1325 1660 1401 1711 ad
1443 1661 1777 1726 imperium
1827 1660 2295 1718 Hebraeorum
2330 1689 2332 1694 .

374 1734 888 1787 conservandum
923 1746 982 1789 et
1015 1734 1518 1799 stabiliendum3
1561 1738 1701 1803 quod
1740 1753 1896 1803 quam
1927 1740 2291 1804 paucissimis

372 1821 554 1880 potero
597 1819 653 1863 et
693 1813 1072 1866 universalibus
1119 1814 1469 1866 fundamentis
1507 1814 1799 1867 ostendam.
1890 1816 1973 1867 18.
2030 1816 2291 1872 Societas

371 1906 473 1942 non
523 1897 724 1941 tantum
772 1889 838 1941 ad
873 1906 1054 1943 secure
1101 1891 1168 1942 ab
1206 1891 1447 1943 hostibus
1492 1892 1765 1943 vivendum
1789 1931 1804 1953 ‚
1853 1891 1947 1944 sed
1996 1893 2155 1943 etiam
2206 1899 2288 1949 ad

371 1968 650 2019 multarum
679 1982 850 2019 rerum
877 1969 1244 2035 compendium
1273 1968 1565 2019 faciendum
1595 1968 1826 2034 perutilis
1853 1975 1933 2020 est
1959 1977 2009 2020 et
2043 1973 2291 2025 maxime

371 2046 525 2097 etiam
545 2046 863 2108 necessaria;
903 2061 1022 2097 nam
1042 2048 1140 2099 nisi
1163 2046 1403 2097 homines
1421 2047 1639 2096 invicem
1658 2060 1866 2112 operam
1886 2052 2123 2097 mittum
2139 2048 2293 2102 dare

372 2122 566 2186 velint,
601 2122 732 2187 ips-is
761 2130 811 2173 et
843 2136 928 2174 ars
959 2131 1010 2175 et
1039 2132 1245 2190 tempus
1275 2122 1543 2184 deficeret,
1584 2122 1649 2173 ad
1678 2137 1765 2183 se,
1806 2122 1979 2188 quoad
2008 2124 2123 2174 eius
2152 2123 2289 2179 fieri

370 2205 570 2266 potest3
609 2200 1010 2252 sustentandum
1037 2208 1088 2252 et
1117 2200 1545 2253 conservandum.
1638 2200 1721 2251 19.
1766 2201 1881 2251 Non
1908 2201 2287 2255 enimomnes

372 2275 436 2327 ad
473 2277 644 2327 omnia
681 2290 844 2343 aeque
879 2278 983 2343 apti
1021 2286 1170 2348 sunt,
1219 2292 1313 2330 nec
1349 2278 1715 2344 unusquisque
1748 2278 1891 2343 potis
1926 2284 2071 2328 esset·
2098 2278 2165 2328 ad
2212 2296 2287 2332 ea

372 2353 804 2420 comparandum,
844 2353 1038 2421 quibus
1068 2356 1214 2407 solus
1246 2357 1465 2407 maxime
1494 2355 1706 2420 indiget.
1778 2354 1926 2405 Vires
1956 2360 2007 2405 et
2028 2361 2279 2423 tempure,

369 2433 611 2497 inquam,
651 2432 936 2497 unicuique
962 2431 1261 2493 deficerent,
1300 2434 1347 2483 si
1374 2432 1522 2485 solus
1539 2431 1937 2492 deberet-amre,
1976 2431 2279 2494 seminare,

371 2518 578 2572 metere,
611 2509 819 2571 molere,
843 2523 1081 2575 coquere,
1115 2517 1303 2571 texere,
1324 2524 1475 2561 suere
1494 2515 1545 2560 et
1562 2508 1995 2574 aliagpcmiurima
2014 2507 2079 2561 ad
2100 2509 2281 2563 vitam

370 2586 768 2638 sustentandum
789 2586 1005 2648 efficere,
1026 2596 1086 2639 ut
1103 2587 1205 2638 iam
1227 2593 1421 2638 taceam
1435 2592 1573 2637 artas
1590 2592 1641 2637 ct
1661 2585 1923 2647 scientias,
1946 2597 2079 2649 quae
2102 2587 2280 2641 etiam

371 2661 436 2713 ad
483 2663 848 2728 perfectionem
896 2663 1148 2715 humanae
1195 2671 1415 2716 naturae·
1448 2663 1675 2727 eiusque.
1710 2660 2083 2713 beatitudinem
2130 2674 2281 2717 sunt

369 2750 576 2790 summe
602 2740 942 2792 necessariae.
1011 2740 1100 2794 2⁰.
1138 2739 1390 2791 Videmus
1428 2740 1567 2791 enim
1603 2752 1723 2801 eos,
1761 2739 1854 2805 qui
1889 2736 2107 2791 barbare
2142 2742 2281 2795 sine

370 2814 560 2881 politia·
570 2816 769 2880 vivunt,
801 2818 958 2870 vitam
979 2816 1219 2868 miseram
1239 2822 1291 2868 et
1310 2830 1473 2882 paene
1490 2815 1936 2881 brutalemagare,
1964 2828 2063 2867 nec
2080 2822 2277 2872 tamen

368 2904 533 2959 pauca
550 2892 639 2945 illa
655 2896 844 2947 misera
859 2900 914 2945 et
927 2892 1156 2960 impolita
1169 2932 1187 2958 ,
1211 2907 1345 2960 quae
1360 2892 1569 2957 habent,
1593 2894 1709 2943 sine
1727 2900 1906 2944 mutua
1924 2906 2099 2959 opera,
2120 2908 2279 2959 qua·-

368 2968 438 3019 lis
457 2969 626 3035 qualis
643 2985 704 3023 ea
729 2972 824 3033 sit,
866 2970 968 3023 sihi
997 2978 1313 3036 comparant.
1384 2972 1559 3023 Iamsi
1571 2971 1812 3021 >hmines
1831 2984 1861 3021 a
1880 2976 2060 3022 natura
2076 2971 2149 3021 ita
2168 2987 2277 3025 es·-

370 3054 487 3101 sent
505 3048 790 3111 constituti,
827 3047 1030 3113 utnihii
1049 3047 1241 3114 nisi-id,
1280 3048 1419 3114 quod
1438 3062 1555 3103 vera
1572 3048 1698 3101 ratio
1717 3046 1939 3113 indicat,
1978 3058 2271 3116 cuperent,
2324 3038 2326 3080 ἶ
