2350 3475
836 134 978 183 ml’.
1038 134 1179 183 vm.
1827 136 1951 197 137

90 320 157 371 54.
188 318 291 369 llis
312 314 453 369 adde
468 313 589 367 libri
604 312 972 381 praefationem
992 312 1045 381 ¹)
1064 321 1115 365 et
1132 314 1304 366 omnia
1321 314 1448 379 loca,
1488 328 1622 382 quae
1641 314 1706 369 de
1725 317 1874 370 Mose
1894 320 1946 372 iu

88 396 213 446 tertia
246 406 474 461 persona
512 392 823 459 loquuntur;
861 397 911 442 et
938 399 1139 457 praeter
1166 390 1292 443 baec
1329 391 1427 443 alia
1453 392 1642 455 multa,
1683 408 1816 459 quae
1843 396 1948 448 iam

88 487 109 522 ι
133 471 278 523 nohis
309 470 553 537 dignosci
582 473 877 536 nequeunt,
916 468 1029 517 siue
1057 467 1216 520 dubio
1245 475 1305 519 ut
1331 467 1532 521 facilius
1558 468 1622 521 ab
1648 470 1950 525 hominibus

88 550 155 599 sui
175 551 277 601 aevi
296 548 717 616 perciperentur,
756 543 953 595 addidit
970 544 1047 595 vel
1077 545 1194 595 aliis
1221 543 1389 596 verbis
1409 548 1675 613 expressit.
1749 552 1833 599 55.
1873 550 1946 610 Si,

88 626 319 692 inquam,
376 626 558 691 ipsum
594 623 761 677 Mosis
795 620 987 673 librum
1022 621 1151 687 legis
1196 619 1540 686 haberemus,
1597 638 1702 675 non
1749 624 1947 687 dubito,

89 704 195 767 quin
218 710 325 754 tem
352 702 413 753 in
443 699 642 762 verbis,
678 712 836 766 quam
864 698 919 749 in
958 696 1137 749 ordine
1164 704 1218 749 et
1251 699 1540 751 rationibus
1561 709 1950 769 praeceptorum

88 792 305 843 maguam
324 777 727 843 discrepantiam
747 774 1105 840 reperiremus.
1141 775 1282 827 Dum
1299 776 1436 827 euim
1457 776 1628 828 solnm
1649 777 1952 845 decalogum

88 854 216 907 huius
242 853 368 907 libri
394 866 521 907 eum
540 852 781 919 decalogo
798 849 961 903 Exodi
984 849 1103 918 (ubi
1122 851 1238 903 eius
1255 851 1470 905 historia
1487 866 1547 905 ex
1564 855 1802 921 professo
1823 869 1948 908 nar-

88 935 237 999 ntur)
276 930 521 993 confero,
567 944 693 983 eum
728 927 795 981 ab
833 928 931 979 hoc
964 928 1021 979 in
1054 926 1139 979 his
1172 927 1418 981 omnibus
1455 928 1746 997 discrepare
1779 933 1950 985 video.

91 1010 319 1073 Quartum
342 1008 487 1061 enim
508 1013 837 1075 praeceptum
856 1019 961 1057 non
982 1011 1182 1056 tautum
1201 1005 1300 1057 alio
1325 1005 1482 1058 modo
1508 1008 1817 1074 imperatur,
1859 1010 1952 1061 sed

90 1087 279 1153 insuper
306 1084 477 1137 multo
502 1083 747 1151 prolixius
772 1082 1087 1141 extenditur;
1128 1082 1244 1133 eius
1273 1091 1442 1135 autem
1461 1084 1586 1136 ratio
1605 1084 1671 1136 eb
1693 1100 1780 1147 ee,
1821 1100 1954 1151 quae

90 1163 127 1213 in
142 1163 387 1229 decalogo
408 1161 571 1213 Exodi
588 1159 835 1222 adfertur,
858 1153 1125 1211 toto'eoelo
1144 1158 1492 1227 discrepat2).
1531 1162 1786 1228 Denique
1805 1164 1950 1226 ordo,

90 1255 167 1305 quo
186 1240 271 1293 hic
302 1238 574 1291 decimum
604 1243 937 1303 praeceptum
963 1235 1270 1302 explicatur,
1309 1238 1460 1287 etiam
1491 1237 1625 1289 alius
1651 1244 1757 1302 est,
1797 1254 1952 1305 quam

92 1319 129 1367 io
150 1316 327 1369 Exodo
342 1315 427 1384 ⁸).
502 1315 589 1367 56.
626 1315 767 1366 Haec
792 1312 951 1378 igitur
978 1326 1143 1379 quum
1172 1312 1284 1375 hic,
1321 1318 1430 1363 tum
1465 1314 1520 1365 in
1558 1314 1672 1365 aliis
1701 1315 1854 1379 locis,
1897 1324 1954 1367 ut

90 1395 167 1445 iam
192 1394 325 1456 dixi,
358 1390 433 1443 ab
458 1392 626 1443 Beata
654 1390 786 1441 facta
814 1390 1075 1453 existimo,
1116 1391 1238 1455 quia
1263 1391 1310 1441 is
1339 1389 1505 1455 legem
1531 1391 1627 1443 Dei
1651 1390 1953 1444 homiuibus

92 1473 155 1521 sui
178 1468 439 1536 temporis
464 1467 733 1536 explicuit,
772 1472 927 1532 atque
958 1466 1173 1534 proinde
1199 1466 1338 1519 huuc
1363 1480 1480 1518 esse
1497 1466 1688 1519 librum
1708 1468 1836 1534 legis
1855 1470 1953 1521 Dei

92 1547 137 1598 ab
165 1550 283 1615 ipso
320 1552 539 1597 ornatui
570 1552 625 1596 et
656 1542 961 1610 explicatae,
1014 1550 1067 1594 et
1102 1542 1242 1595 hune
1275 1542 1464 1595 librum
1501 1545 1760 1608 omnium,
1819 1560 1954 1613 quos

91 1626 239 1690 ipsum
272 1622 561 1690 scripsisse
585 1619 717 1681 dixi,
756 1620 983 1687 primum
1011 1619 1175 1673 fuisse
1205 1627 1357 1686 puto;
1399 1620 1538 1687 quod
1569 1619 1689 1674 hinc
1716 1624 1949 1686 conficio,

92 1704 185 1767 quia
212 1702 363 1768 leges
396 1699 591 1766 patriae
618 1704 872 1761 continet,
914 1694 1109 1764 quibus
1136 1697 1360 1764 populus
1387 1698 1604 1751 maxime
1639 1698 1866 1767 indiget,
1905 1706 1957 1754 et

90 1781 219 1832 etiam
262 1779 405 1845 quia,
431 1776 516 1827 hic
550 1775 683 1828 liber
716 1774 1040 1829 antecedenti
1078 1775 1220 1827 nulle
1255 1776 1645 1841 coniunctione,
1684 1786 1742 1830 ut
1771 1780 1954 1846 reliqui

89 1869 271 1920 omues,
322 1853 648 1917 annectitur,
696 1852 789 1904 sed
827 1852 997 1904 soluta
1032 1852 1261 1904 oratione
1298 1853 1478 1919 incipit
1491 1854 1547 1922 ⁴)
1571 1872 1588 1904 ε
1657 1856 1802 1906 Haec
1835 1861 1959 1906 sunt

88 1935 223 1984 verba
253 1931 430 1984 Masis
456 1933 560 1981 etc.
634 1930 719 1982 5⁷.
752 1928 828 1980 At
842 1936 1119 1996 postquem
1139 1927 1278 1980 huuc
1295 1927 1514 1982 absolvit
1533 1936 1582 1981 et
1599 1931 1852 1998 populum
1872 1933 1953 1984 le·-

88 2023 161 2073 ges
174 2008 415 2070 edocuit,
455 2013 567 2058 tum
586 2005 819 2058 studium
838 2004 1137 2058 adhibuisse
1156 2003 1312 2056 eredo
1329 2005 1396 2057 ad
1413 2007 1662 2071 integram
1683 2007 1948 2061 historiam

88 2085 338 2138 Hebraeae
368 2083 593 2136 nationis
613 2082 1005 2135 describendam
1019 2120 1034 2144 ‚
1074 2097 1103 2132 a
1125 2079 1322 2133 mundo
1338 2083 1537 2134 scilicet
1557 2085 1764 2136 condito
1783 2099 1952 2150 usque

88 2162 139 2214 ad
162 2174 431 2215 summam
459 2159 613 2212 Urbis
642 2159 1005 2222 vastationem,
1044 2160 1127 2210 cui
1166 2158 1308 2210 huuc
1342 2158 1530 2210 librum
1569 2162 1953 2213 Deuteronomii

88 2251 169 2289 suo
194 2239 311 2291 loco
342 2237 589 2296 inseruit;
638 2243 691 2288 et
726 2235 855 2287 forte
891 2236 1005 2287 eius
1040 2237 1238 2303 primos
1273 2237 1507 2302 quinque
1543 2237 1704 2289 libros
1743 2237 1952 2288 nomine

88 2317 233 2368 Hosis
259 2315 490 2378 vocavit,
530 2313 655 2379 quia
680 2314 735 2364 in
758 2313 825 2364 iis
841 2315 1115 2380 praecipue
1134 2314 1248 2364 eius
1265 2313 1366 2363 vita
1387 2314 1676 2366 continetur
1694 2322 1743 2366 et
1762 2327 1951 2364 nomen

90 2405 113 2440 a
134 2393 331 2459 potiore
365 2391 615 2457 sumpsit.
686 2389 772 2442 58.
808 2389 878 2440 Et
903 2389 997 2440 hac
1026 2391 1180 2441 etiam
1213 2388 1277 2440 de
1313 2403 1469 2442 causa
1505 2400 1706 2442 sextum
1744 2391 1954 2442 nomine

88 2469 284 2530 Josuae,
324 2468 609 2534 septimum
627 2467 883 2530 Indicum,
918 2474 1149 2518 octavum
1168 2465 1328 2528 Ruth,
1369 2481 1564 2518 nonum
1584 2475 1634 2518 et
1653 2468 1780 2518 forte
1800 2467 1952 2518 etiam

90 2545 339 2598 decimum
358 2543 646 2606 Samuelis,
684 2550 737 2596 et
762 2543 987 2609 denique
1016 2544 1352 2606 undecimum
1381 2551 1434 2595 et
1455 2543 1818 2596 duodecimum
1838 2545 1952 2598 Re-

90 2636 199 2686 gum
243 2619 541 2689 appellavit.
628 2619 722 2672 An
768 2634 910 2672 vero
953 2621 1196 2672 Hezras
1239 2619 1388 2672 huic
1432 2621 1607 2687 operi
1664 2621 1952 2675 ultimam

90 2712 329 2751 manum
366 2697 783 2770 imposuerit,
830 2696 1051 2764 idque,
1098 2705 1158 2749 ut
1176 2696 1523 2761 desiderabat,
1564 2697 1950 2765 perfecerit,

92 2775 147 2826 de
164 2790 225 2828 eo
244 2773 363 2826 vide
380 2787 607 2846 sequeus
625 2780 800 2842 caput.

183 2928 229 2978 1)
268 2924 456 2969 Denter.
477 2927 518 2984 1,
540 2927 669 2970 1-5.

181 2987 225 3037 2)
262 2981 367 3027 vid.
386 2983 521 3030 Deut.
540 2987 583 3042 5,
604 2986 786 3029 12-16.
809 2984 867 3030 cl.
886 2985 1031 3030 Exod.
1050 2986 1119 3041 20,
1138 2986 1298 3028 8-11.

184 3046 227 3096 ³)
264 3042 366 3086 Vid.
385 3043 519 3088 Deut.
540 3047 583 3101 ⁵,
603 3047 670 3087 21.
691 3044 749 3090 el.
768 3045 913 3090 Exod.
931 3047 1000 3103 2⁰,
1022 3046 1085 3087 fl.

184 3105 233 3157 1»)
270 3102 407 3148 Deut-
426 3115 465 3150 e.
484 3107 524 3150 1.
545 3117 589 3152 v.
612 3107 651 3150 1.
