2350 3475
366 74 487 137 156
551 144 556 149 -
754 76 1147 125 ‘rueramus
1166 58 1851 122 *Tnnonoowo-rou‘r.

366 270 629 310 sacrorum
658 254 893 309 exclusos
920 252 1161 305 volebant
1187 258 1241 304 et
1266 266 1385 303 cum
1414 252 1655 320 reliquis,
1697 266 1832 320 qnos
1857 250 1964 305 iam
1983 252 2263 305 desidera-

366 349 513 397 mus,
535 332 815 386 custodire.
890 330 1046 395 Quod
1064 327 1304 381 absolute
1321 328 1594 393 fecissent,
1627 330 1728 381 nisi
1746 326 2004 397 quaedam
2023 331 2262 398 reperis-

365 418 483 464 sent
508 412 648 473 loca,
688 410 778 462 ubi
810 410 890 461 l-ex
916 409 1082 463 Musis
1113 408 1522 459 commendatur.
1596 407 1889 459 nolendum
1917 420 2076 469 sane,
2118 409 2262 474 quod

368 502 451 541 res
470 502 643 540 sacrae
660 494 713 539 ct
730 488 955 553 optimae
972 484 1039 536 ab
1058 484 1243 536 horum
1263 483 1512 538 electione
1531 484 1887 551 dependerint.
1926 486 2064 550 Ipsis
2084 491 2260 537 tamen

365 565 618 633 gratulor,
659 564 799 631 quod
828 564 922 615 hos
952 564 1107 616 etiam
1135 559 1288 613 nobis
1327 564 1710 614 communicare
1737 562 2034 622 voluerunt:
2075 577 2262 615 verum

362 658 469 695 non
498 655 714 709 possum
746 656 848 693 non
878 640 1139 702 dubitare,
1184 653 1310 690 num
1339 654 1428 691 eos
1465 639 1600 692 bona
1637 653 1756 691 cum
1793 638 1892 690 fide
1931 638 2260 702 tradiderint,
2334 670 2335 689 l

366 719 504 785 quod
536 718 619 769 hic
646 716 712 769 ad
738 732 974 771 severum
1002 730 1213 769 examen
1245 730 1478 769 revocare
1507 716 1650 767 nolo.
1723 717 1775 767 6.
1813 717 1974 781 Pergo
2005 716 2168 781 igitur
2197 718 2262 768 ad

368 796 533 846 libror
557 797 961 862 prophetarum.
1034 792 1213 856 Quum
1251 794 1316 845 ad
1353 794 1448 845 hos
1485 792 1719 856 attendo,
1758 793 1904 846 video
1936 792 2260 859 prophetiaS,

366 886 497 937 quae
528 874 582 923 in
610 873 675 923 iis
704 874 1061 933 continentur,
1104 884 1163 921 ex
1189 870 1306 922 aliis
1333 868 1478 921 libris
1507 870 1748 923 collectas
1773 868 1938 921 fuisse
1955 909 1968 931 ,
2009 883 2191 938 nequo
2212 873 2264 922 in

364 948 507 1000 hisce
525 949 707 1000 eodem
728 948 911 1001 ordine
928 960 1137 1013 semper
1154 946 1408 1009 describi,
1447 962 1552 1013 quo
1571 948 1636 999 ab
1657 948 1788 1015 ipsis
1803 946 2068 1013 prophetis
2089 948 2264 1001 dietae
2334 954 2335 977 ³

366 1026 443 1076 vel
472 1026 693 1093 scriptae
720 1024 958 1088 fuerunt,
998 1038 1171 1090 neque
1199 1026 1352 1076 etiam
1386 1039 1568 1076 omnes
1595 1025 1870 1085 contineri,
1909 1023 2003 1077 sed
2031 1038 2122 1076 eas
2145 1032 2266 1077 tan—
2334 1022 2335 1035 ³

366 1109 507 1165 tum,
548 1117 677 1168 quas
707 1103 827 1154 hinc
844 1102 987 1154 illinc
1004 1102 1233 1154 invenire
1253 1108 1549 1168 potuerunt.
1623 1100 1796 1164 Quare
1815 1103 1864 1153 hi
1887 1100 2004 1153 libri
2026 1118 2132 1153 non
2157 1104 2264 1154 nisi

368 1180 650 1246 fragmenta
690 1180 1053 1247 prophetarum
1092 1185 1238 1229 sunt.
1320 1178 1373 1229 7.
1411 1180 1541 1231 Nam
1581 1178 1776 1229 Esaias
1810 1186 2053 1245 regnante
2091 1182 2266 1231 fluzia

365 1256 669 1324 prophetare
698 1258 918 1323 incepit,
956 1263 1015 1307 ut
1041 1255 1329 1321 descriptor
1364 1256 1475 1322 ipse
1504 1256 1670 1322 primo
1697 1268 1848 1307 versu
1877 1263 2114 1308 testatur.
2194 1258 2268 1308 At

365 1348 471 1385 non
501 1341 701 1386 tantum
736 1343 846 1385 tum
876 1334 1123 1400 temporis
1151 1332 1500 1400 prophetavit,
1542 1332 1634 1384 sed
1657 1333 1870 1399 insuper
1887 1348 2070 1385 omnes
2090 1350 2180 1386 res
2201 1335 2268 1385 ab

368 1410 464 1462 hoc
493 1425 609 1477 rege
634 1419 805 1476 gestas
836 1409 1109 1475 descripsit
1139 1408 1283 1476 (vide
1314 1409 1479 1461 Paral.
1513 1408 1604 1460 lib.
1625 1410 1680 1464 2.
1709 1424 1822 1477 cap.
1843 1412 1932 1464 26.
1963 1424 2097 1464 vers.
2119 1413 2269 1476 22),

370 1502 526 1553 quem
548 1487 736 1539 librum
758 1490 859 1538 iam
882 1486 1260 1538 desideramus.
1333 1487 1480 1551 Quae
1500 1493 1671 1538 antem
1691 1486 1944 1539 habemus
1962 1526 1974 1548 ,
2014 1502 2075 1539 cx
2103 1488 2273 1541 chro-

371 1566 503 1615 nicis
530 1579 710 1630 regum
740 1564 902 1615 Iudae
928 1570 979 1613 et
996 1562 1206 1615 Israelis
1228 1562 1484 1630 descripta
1505 1578 1621 1615 esse
1641 1564 1988 1617 ostendimus,
2061 1564 2113 1615 8.
2159 1568 2271 1618 Bis

368 1639 525 1702 adde,
569 1638 708 1705 qnod
738 1638 925 1691 Rabini
950 1644 1190 1691 statuunt
1217 1638 1357 1691 bunc
1385 1640 1686 1707 prophetam
1707 1642 1858 1693 etiam
1881 1648 2124 1707 regnante
2143 1644 2276 1696 Ma-

370 1730 551 1779 nasse,
590 1731 619 1768 a
648 1730 755 1783 quo
792 1716 999 1769 tandem
1037 1722 1303 1784 peremtus
1339 1724 1445 1782 est,
1484 1717 1895 1785 prophetavisse,
1935 1724 1986 1770 et
2021 1724 2275 1786 quamvis

369 1793 601 1847 fabulam
632 1807 837 1845 narrare
859 1793 1152 1856 videantur,
1194 1793 1430 1845 videntur
1451 1802 1618 1846 tamen
1641 1795 1923 1848 credidisse
1941 1811 2126 1848 omnes
2147 1800 2274 1850 cius

368 1871 663 1940 prophetias
702 1885 805 1923 non
846 1877 1061 1924 exstare.
1143 1873 1198 1924 9.
1234 1871 1488 1923 [eramiae
1529 1872 1712 1924 deinde
1739 1875 2080 1941 prophetiae,
2125 1889 2275 1940 quae

367 1949 611 2002 historice
641 1956 945 2012 narrantur,
985 1963 1045 2000 ex
1072 1949 1229 2001 variis
1259 1948 1585 2014 chronologis
1621 1949 1890 2017 decerptae
1924 1957 1974 2002 et
2012 1950 2150 2002 colle
2189 1959 2274 2004 tae

374 2034 519 2080 sunt.
610 2027 740 2077 Nam
781 2033 1139 2092 praeterquam
1178 2026 1318 2091 quod
1358 2025 1654 2094 perturbate
1689 2026 2082 2080 accumulentur
2117 2042 2156 2080 n
2205 2030 2276 2081 lla
2334 2057 2335 2060 =

368 2112 661 2170 temporum
687 2104 885 2154 ratione
912 2101 1113 2164 habita,
1154 2103 1334 2154 eadem
1363 2104 1581 2171 insuper
1608 2103 1821 2159 historia
1849 2105 2066 2157 diversis
2085 2107 2274 2158 modis

369 2181 632 2248 repetitur.
681 2180 811 2232 Nam
832 2193 947 2247 cap.
968 2179 1056 2233 21.
1080 2193 1292 2231 causam
1312 2179 1740 2246 apprehensionis
1759 2183 2006 2234 Ieremiae
2025 2185 2272 2248 exponit,

367 2257 508 2324 quod
538 2256 735 2308 scilicet
766 2254 913 2307 urbis
943 2257 1281 2307 vastationem
1302 2257 1581 2310 zedechiae
1602 2260 1774 2324 ipsum
1795 2259 2085 2310 consulenti
2107 2273 2278 2324 prae-

367 2335 573 2396 dixerit,
614 2340 665 2385 et
692 2333 786 2385 hac
816 2333 1029 2384 historia
1062 2333 1345 2398 interrupta
1366 2335 1550 2386 transit
1569 2349 1680 2400 cap.
1700 2336 1788 2389 22.
1809 2335 1874 2388 ad
1893 2337 2008 2387 eius
2027 2337 2082 2386 in
2104 2337 2278 2388 lebo-

366 2411 675 2473 iaehimum,
716 2410 944 2476 quiante
964 2408 1268 2460 zedechiam
1297 2411 1550 2476 regnavit,
1591 2411 2016 2464 declamationem
2040 2426 2277 2466 narran-

368 2488 525 2551 dum,
564 2497 615 2540 et
642 2485 783 2554 quod
810 2486 944 2553 regis
976 2487 1317 2553 captivitatem
1356 2488 1685 2554 praedixerit,
1727 2496 1779 2540 et
1814 2488 2000 2541 deinde
2027 2504 2154 2556 cap.
2181 2494 2275 2546 25.

367 2581 425 2618 ea
444 2559 716 2625 describit,
756 2577 889 2630 quae
918 2569 1035 2616 ante
1057 2563 1210 2626 baec,
1239 2578 1373 2616 anno
1396 2565 1592 2616 scilicet
1611 2573 1795 2631 quarto
1814 2565 2120 2618 lehoiakimi
2143 2584 2280 2635 pro-

370 2640 551 2709 phetae
587 2640 805 2693 revelata
838 2646 997 2701 sunt3
1059 2640 1246 2694 deinde
1282 2656 1416 2707 quae
1450 2656 1589 2694 anno
1625 2643 1792 2708 primo
1827 2642 1984 2694 buius
2023 2645 2172 2709 regis
2194 2647 2277 2714 ²¹¹).

371 2720 457 2771 10.
495 2718 563 2769 Et
588 2718 665 2770 sic
694 2730 845 2785 porro
861 2755 876 2779 ,
918 2717 1059 2769 nullo
1078 2725 1369 2785 temporum
1391 2719 1570 2770 ordine
1589 2725 1816 2782 servato,
1855 2720 2164 2786 prophetias
2187 2738 2282 2776 ao-

368 2795 635 2846 cumulare
671 2795 859 2861 pergit,
902 2792 1066 2845 donec
1100 2795 1309 2847 tandem
1348 2808 1460 2862 cap.
1493 2796 1579 2848 38.
1618 2795 1796 2866 (quasi
1835 2795 1960 2849 haec
1991 2796 2056 2848 15
2097 2803 2280 2868 capita

370 2885 463 2938 per
480 2870 811 2936 parenthesin
832 2870 967 2923 dicta
987 2872 1192 2941 essent)
1214 2870 1277 2924 ad
1298 2871 1378 2935 id,
1411 2871 1550 2938 quod
1571 2888 1686 2942 cap.
1705 2872 1796 2930 21.
1819 2887 2026 2928 narrare
2047 2875 2276 2946 incepit,

470 3039 509 3090 ⁸)
545 3037 645 3082 vid.
668 3048 770 3093 cap.
790 3039 858 3082 26.
881 3043 927 3083 et
942 3040 1010 3082 21.

1937 3276 2336 3460 ΜΛ

1735 3457 1936 3475 *⁴⁴*—
