2350 3475
365 67 408 123 4
766 64 1158 113 ‘rnacTA'rUs
1195 66 1595 113 Tnnonoelco
1608 96 1633 105 -
1642 68 1853 115 POL1'1'.

367 247 459 313 qui
486 245 690 298 incerta
711 246 826 297 sine
852 245 1007 298 modo
1036 245 1279 313 cupiunt,
1319 258 1604 312 omnesque
1640 252 1752 299 tum
1788 245 2039 311 maxime,
2082 260 2254 311 quum

367 323 563 376 scilicet
586 324 642 375 in
669 323 911 390 periculis
940 330 1207 376 versantur
1236 330 1287 373 et
1311 322 1413 374 sibi
1440 322 1625 374 auxilio
1646 338 1763 375 esse
1781 329 2075 390 nequeunt,
2116 324 2255 373 votis

368 407 420 454 et
437 401 664 453 lacrimis
683 398 1024 452 muliebribus
1045 401 1216 451 divina
1232 400 1421 451 auxilia
1440 399 1733 467 implorare,
1758 408 1810 453 et
1826 402 2075 453 rationem
2097 398 2255 467 (quia

367 478 433 531 ad
461 492 620 543 vana,
659 492 791 543 quae
819 478 1062 544 cupiunt,
1106 483 1299 529 certam
1324 478 1457 529 viam
1486 477 1755 530 ostendere
1791 477 2007 545 nequit)
2044 489 2255 528 coecam

254 579 269 592 ν
366 556 651 623 appellare,
691 554 1078 620 humanamque
1107 552 1425 620 sapientiam
1444 566 1653 617 vanamj
1696 562 1747 605 et
1782 563 1961 607 eontra
1998 555 2257 620 imagina-

365 633 522 683 tionis
544 631 722 683 deliria
734 670 748 693 ‚
789 631 991 683 somnia
1009 638 1060 682 et
1076 630 1303 697 pueriles
1322 631 1545 697 ineptias
1564 631 1732 683 divina
1753 646 2003 700 responsa
2022 632 2254 694 credere,

365 712 471 759 imo
486 710 657 760 Deum
679 709 940 775 sapientes
961 708 1181 759 aversari
1200 716 1250 759 et
1270 721 1365 759 sua
1384 708 1583 759 decreta
1612 723 1715 759 non
1745 712 1933 771 menti,
1972 709 2063 760 sed
2095 722 2258 774 pecu-

367 784 494 836 dum
513 784 659 838 fibris
677 786 1038 851 inscripsisse,
1078 784 1156 836 vel
1178 784 1356 837 eadem
1378 784 1567 836 stultos
1582 824 1597 847 ,
1636 800 1853 837 vesanos
1874 794 1924 838 et
1941 800 2059 838 aves
2078 784 2255 837 divino

365 860 544 914 afflatu
575 868 626 914 et
653 862 902 914 instinctu
932 862 1249 929 praedicere.
1320 863 1725 914 Tantum‘timor
1751 862 1987 915 homines
2026 863 2256 915 insanire
2332 892 2334 903 ,

364 937 517 991 facit!
592 941 643 990 5.
684 939 852 991 Causa
880 940 1084 1005 itaque,
1123 954 1154 990 a
1184 954 1289 1004 qua
1316 940 1617 1005 superstitio
1632 942 1823 1003 oritur,
1856 946 2187 993 conservatur
2205 948 2259 990 et
2332 986 2334 1005 ,

361 1015 594 1081 fovetur,
633 1024 803 1067 metus
821 1022 920 1067 est.
993 1017 1156 1067 Cuius
1176 1018 1250 1067 rei
1270 1016 1483 1081 siquis,
1524 1024 1725 1083 praeter
1748 1019 1849 1072 iam
1869 1018 2037 1080 dieta,
2074 1018 2261 1082 singu-
2332 1012 2334 1073 J

363 1092 490 1146 laria
520 1093 749 1161 exempla
778 1094 912 1144 scire
937 1092 1226 1156 desiderat,
1262 1092 1613 1145 Alexandrum
1645 1095 1838 1157 videat,
1875 1096 1970 1160 qui
2008 1101 2117 1145 tum
2158 1094 2259 1145 de-

366 1185 510 1223 mum
531 1176 680 1222 vates
696 1186 730 1220 a
747 1172 1119 1237 super-stitione
1138 1174 1307 1221 animi
1324 1170 1573 1221 adhibere
1591 1174 1791 1237 eoepit,
1830 1184 1995 1236 quum
2022 1172 2254 1237 primum

364 1248 628 1299 fortunam
655 1248 836 1299 timere
867 1246 1046 1297 didieit
1081 1250 1136 1298 in
1165 1246 1305 1313 Pylis
1336 1248 1641 1315 Susidis*)l;
1680 1254 1798 1313 post
1826 1249 2040 1301 Darium
2078 1254 2257 1299 autem
2332 1314 2334 1319 ¹

364 1326 556 1377 victum
591 1325 776 1376 ariolos
813 1332 864 1375 et
889 1331 1032 1377 vates
1060 1324 1331 1376 consulere
1362 1324 1542 1385 desiit,
1582 1324 1747 1376 donee
1781 1326 1969 1377 iterum
2004 1326 2257 1391 temporis
2333 1338 2334 1361 t

361 1404 635 1468 iniquitate
662 1403 902 1463 territus,
940 1402 1064 1467 qula
1083 1402 1339 1453 Bactriani
1370 1400 1663 1453 defecerant
1692 1408 1742 1452 et
1760 1402 1975 1468 Scythae
1994 1409 2255 1455 certamen

361 1478 718 1540 lacessebant,
757 1478 884 1530 dum
911 1480 1026 1544 ipse
1055 1486 1263 1547 propter
1287 1479 1477 1531 vulnus
1504 1478 1677 1542 segnis
1708 1479 1920 1541 iaceret,
1956 1492 2146 1529 rursus
2167 1479 2257 1544 (ut

363 1558 481 1621 ipse
497 1555 710 1607 Curtius
726 1554 822 1605 ln».
845 1555 897 1606 7.
918 1568 964 1605 c.
985 1554 1038 1605 7.
1061 1555 1158 1623 ait)
1181 1556 1254 1606 ad
1266 1557 1707 1621 superstitionem,
1745 1556 2095 1607 humanarum
2112 1571 2257 1606 men-

365 1636 500 1683 tium
519 1632 752 1683 ludibria
765 1669 779 1694 ,
815 1632 1086 1683 revolutus
1099 1670 1113 1693 ,
1153 1632 1550 1693 Aristandrum,
1590 1635 1681 1682 cete·
1706 1632 2075 1684 credulitatem
2100 1646 2256 1683 ruam

366 1709 652 1760 addixerat
666 1747 681 1771 ,
718 1708 1002 1776 capla-are
1017 1715 1258 1760 evemum
1275 1724 1453 1760 rerum
1468 1710 1749 1775 sacrific-iis
1767 1711 1933 1762 iubet.
2002 1710 2059 1762 6.
2096 1708 2165 1761 Et
2186 1710 2255 1761 ad

366 1786 507 1837 hune
541 1784 754 1838 modum
792 1786 1106 1852 perplurima
1143 1785 1333 1838 adferri
1372 1792 1589 1852 possent
1622 1788 1881 1854 exempla,
1922 1801 2055 1854 quae
2092 1803 2253 1853 quam

260 1873 264 1878 “
366 1864 650 1915 clarissime
678 1863 730 1914 id
761 1865 936 1930 ipsum
965 1864 1275 1925 ostendunt,
1314 1863 1553 1914 homines
1581 1864 1778 1915 seilicet
1805 1864 2016 1916 nonnisi
2037 1864 2255 1917 durante

363 1948 507 1993 metu
533 1955 657 1992 eum
685 1941 1055 2007 superstitione
1081 1939 1391 2000 conflictari;
1431 1953 1594 2006 eaque
1610 1943 1813 2005 omnia,
1852 1956 1985 2008 quae
2017 1955 2253 2006 unquam

364 2032 497 2069 vana
534 2018 778 2084 religione
813 2017 1115 2079 coluerunt,
1155 2015 1282 2068 nihil
1331 2023 1535 2082 praeter
1578 2018 1939 2084 phantasmata
1986 2019 2253 2084 animique

365 2096 533 2146 tristis
550 2101 604 2146 et
617 2095 788 2146 timidi
807 2095 972 2146 fuisse
992 2093 1197 2152 deliria;
1238 2099 1288 2144 et
1308 2093 1533 2159 denique
1560 2101 1699 2146 vates
1717 2097 1770 2146 in
1790 2096 2027 2146 maximis
2045 2097 2254 2161 imperii
2333 2101 2334 2106 ’

366 2171 625 2236 angustiis
659 2173 880 2224 maxime
909 2172 962 2222 in
988 2169 1139 2237 plebe
1167 2169 1495 2236 regnavisse,
1536 2172 1859 2239 maximeque
1886 2171 2255 2224 formidolosos

364 2249 480 2300 suis
507 2247 718 2314 regibus
747 2249 931 2300 fnisse.
1005 2248 1108 2298 Sed
1135 2245 1561 2314 quandoquidem
1591 2248 1717 2302 haec
1744 2248 1884 2316 apud
1912 2263 2094 2301 omnes
2124 2250 2253 2300 satis
2333 2251 2334 2262 ³

364 2323 567 2390 vulgata
585 2340 706 2377 esse
723 2326 960 2376 existimo
973 2361 987 2383 ,
1018 2323 1207 2375 iisdem
1228 2326 1564 2391 supersedeo.

470 2403 516 2454 7.
587 2404 663 2454 Ex
689 2401 788 2454 hae
811 2403 987 2466 itaque
1015 2403 1403 2466 superstitionis
1430 2417 1587 2456 causa
1614 2404 1747 2455 clare
1766 2404 2029 2469 sequitur,
2068 2415 2254 2452 omnes

365 2479 606 2532 homines
636 2487 815 2531 natura
843 2479 1198 2544 superstitioni
1218 2493 1336 2530 esse
1364 2479 1642 2540 obnoxios;
1682 2480 1932 2546 quiequid
1954 2479 2127 2531 dicant
2144 2479 2251 2540 alii,

367 2558 459 2622 qui
477 2563 688 2623 putant,
726 2555 824 2606 hoc
843 2555 965 2607 inde
983 2557 1104 2607 oriri
1119 2595 1134 2618 ,
1165 2557 1309 2622 quod
1326 2571 1509 2609 omnes
1530 2557 1769 2610 mortales
1790 2556 2059 2608 confusam
2080 2568 2257 2622 quan-

367 2633 487 2685 dam
507 2633 739 2685 numinis
757 2631 926 2683 ideam
947 2631 1155 2684 habent.
1230 2635 1477 2702 Sequitur
1502 2633 1693 2686 deinde
1712 2635 1929 2686 eandem
1946 2635 2136 2686 variam
2156 2632 2255 2684 ad-

365 2711 583 2762 modum
602 2715 654 2760 et
670 2710 1046 2762 inconstantem
1067 2709 1254 2764 debere
1274 2727 1428 2775 esse,
1456 2719 1519 2762 ut
1546 2712 1719 2762 omnia
1746 2713 1937 2763 mentis
1957 2708 2183 2762 ludibria
2200 2717 2256 2759 et

366 2787 560 2840 fureris
577 2787 824 2854 impetus,
859 2793 912 2838 et
929 2787 1154 2854 denique
1173 2789 1345 2855 ipsam
1360 2803 1469 2840 non
1488 2789 1595 2840 nisi
1612 2803 1707 2855 spe
1722 2826 1736 2850 ,
1776 2789 1897 2840 odio
1912 2827 1927 2853 ,
1963 2789 2038 2839 ka
2056 2793 2109 2838 et
2124 2787 2251 2837 dolo

367 2863 601 2925 defend&
639 2865 912 2929 nimirum,
950 2867 1073 2932 quia
1089 2881 1197 2918 non
1214 2880 1275 2918 ex
1290 2867 1515 2931 ratione,
1554 2865 1649 2919 sed
1666 2881 1727 2919 ex
1746 2865 1859 2920 solo
1877 2865 2061 2918 affectu
2082 2877 2253 2931 eoque
2333 2865 2334 2870 ’

467 3033 511 3088 ⁴)
539 3033 638 3081 vid.
659 3033 804 3084 Curtii
824 3035 905 3082 lib.
927 3038 966 3078 5.
987 3049 1028 3082 e.
1048 3038 1089 3079 4.
1110 3038 1150 3090 §-
1174 3040 1214 3079 ι.
