2350 3475
338 114 418 173 38
739 115 1131 183 TRACTATUS
1168 113 1567 159 Tnssomfflco
1582 142 1605 151 -
1616 114 1825 159 Pomm.

337 296 638 361 imaginaria
671 302 866 347 tantum
901 294 1088 354 fuisse:
1109 308 1290 361 ‘quare
1311 308 1413 344 non
1436 294 1623 343 mirum
1646 298 1751 353 est,
1786 291 1931 343 ilium
1952 296 2066 341 tum
2088 297 2225 341 tem-

338 375 476 437 poris
521 373 875 439 perturbatum
923 371 1093 422 omnia
1133 372 1221 422 iiia
1267 372 1418 423 verba
1466 371 1593 423 adeo
1640 368 1856 421 confuse
1902 376 1953 419 et
1999 367 2226 419 obscure
2320 430 2322 439 Ι

338 450 673 515 imaginatum
713 450 875 500 fuisse
898 487 912 512 ,
970 456 1028 499 ut
1065 448 1195 499 nihil
1230 462 1289 499 ex
1326 449 1393 499 iis
1428 455 1606 515 postea
1654 446 1934 511 intelligere
1976 446 2225 511 potuerit.

338 526 442 588 Qui
481 534 651 578 autem
688 526 866 577 dieunt
889 566 904 588 ‚
945 526 1114 576 Deum
1163 526 1394 576 noluisse
1430 524 1631 577 Danieli
1666 538 1773 575 rem
1810 523 1943 574 clare
1981 522 2225 583 revelare,

337 603 579 653 videntur
596 618 697 653 non
719 602 904 668 iegisse
925 602 1078 655 verba
1098 603 1296 667 angeli,
1334 604 1425 667 qui
1446 616 1685 668 expresse
1706 601 1831 651 dixit
1848 600 1986 665 (vide
2006 614 2123 664 cap.
2141 600 2225 650 10.

338 694 384 730 v.
419 669 500 731 14.
507 680 532 746 )
570 696 626 729 se
663 682 888 745 venisse,
943 686 1007 730 ut
1041 680 1319 730 Danielem
1355 680 1655 743 intelligere
1674 680 1924 742 faceret,
1964 676 2097 743 quid
2129 690 2227 725 suo

233 770 238 775 ·
327 756 529 823 populo
556 758 613 805 in
639 762 960 831 posteritate
991 757 1197 807 dier-tem
1223 759 1573 821 contingeret.
1644 757 1816 818 Quare
1854 769 1937 805 res
1973 754 2091 803 iliae
2128 752 2229 803 ob-

339 848 520 883 scurae
554 842 882 899 manserunt,
925 835 1046 899 quia
1079 834 1256 884 nulius
1286 841 1395 884 tum
1431 834 1682 899 temporis
1718 830 2094 899 reperiebatur,
2138 830 2230 894 qui

337 916 538 960 tantum
585 912 967 977 imaginationis
1016 911 1198 962 virtute
1246 911 1495 983 polleret,
1552 916 1608 959 ut
1652 910 1755 975 ipsi
1793 909 1981 959 elarius
2016 906 2229 957 revelari

339 994 571 1051 possent.
644 987 730 1040 23.
771 988 1011 1054 Denique
1032 988 1339 1053 prophetae,
1378 980 1574 1052 quibus
1595 987 1871 1038 revelatum
1893 986 2018 1047 fuit,
2056 985 2227 1034 Deum

336 1062 506 1113 Eiiam
538 1062 904 1130 abreptarum,
944 1065 1257 1131 persuadere
1283 1063 1524 1115 volebant
1552 1064 1754 1126 Elisae,
1790 1078 1909 1114 eum
1940 1060 2061 1112 aiibi
2081 1061 2233 1111 loco·-

341 1156 458 1191 rum
496 1139 751 1213 delatum,
801 1141 892 1192 ubi
931 1142 1100 1193 adhuc
1137 1142 1353 1193 inveniri
1390 1140 1455 1192 ab
1492 1142 1623 1207 ipsis
1663 1147 1864 1206 possen
1922 1136 2063 1204 quod
2100 1152 2233 1189 sane

326 1218 473 1269 'clare
510 1217 770 1281 ostendit,
829 1233 918 1270 eos
956 1219 1050 1270 Dei
1092 1219 1454 1270 revelationem
1490 1232 1595 1269 non
1642 1224 1778 1269 recte
1824 1215 2228 1281 intellexisse*).

340 1296 497 1346 Haec·
531 1295 701 1347 fusius
748 1296 1020 1348 ostendere
1059 1311 1160 1346 non
1200 1303 1280 1346 est
1316 1310 1488 1362 opus;
1549 1309 1668 1345 nam
1707 1293 1832 1344 nihil
1868 1308 1929 1344 ex
1966 1293 2232 1357 Scriptura

341 1372 529 1423 clarius
559 1380 788 1435 constat,
835 1387 990 1438 quam
1019 1372 1160 1438 quod
1181 1374 1323 1423 Deus
1356 1386 1519 1423 unum
1542 1370 1841 1438 prophetam
1861 1370 2015 1435 longe
2035 1369 2230 1419 maiore

337 1452 494 1515 gratia
524 1450 588 1500 ad
621 1450 1080 1516 prophetizandum
1116 1449 1350 1513 donavit,
1391 1464 1549 1515 quam
1587 1448 1767 1500 alium.
1848 1448 1935 1500 24.
1973 1446 2047 1497 At
2085 1446 2229 1511 quod
2330 1473 2332 1493 ι

338 1526 636 1593 prophetiae
665 1528 773 1578 sive
804 1528 1305 1592 repraesentationes
1341 1540 1434 1590 pro
1470 1522 1804 1591 opinionibus
1843 1523 2227 1590 prophetarum,

338 1617 470 1666 quas
489 1601 707 1667 amplexi
732 1602 947 1666 fuerint,
988 1604 1142 1654 etiam
1162 1604 1443 1664 variarent,
1482 1610 1533 1653 et
1562 1602 1701 1668 quod
1734 1601 2009 1667 prophetae
2038 1602 2227 1661 varias,

339 1680 443 1728 imo
475 1680 754 1730 contrarias
785 1678 1059 1731 habuerint
1087 1680 1389 1747 opiniones,
1432 1685 1481 1730 et
1511 1679 1645 1729 varia
1675 1670 1989 1747 praeiudicia
2018 1676 2233 1745 (loquor

341 1755 471 1807 circa
493 1770 574 1808 res
596 1770 736 1807 mere
756 1758 1122 1822 speculativas:
1165 1772 1285 1809 nam
1308 1757 1439 1807 circa
1460 1771 1547 1820 ea,
1588 1770 1719 1822 quae
1739 1755 2043 1822 probitatem
2064 1762 2115 1806 et
2136 1754 2234 1806 bo-

339 1847 436 1882 nos
465 1845 635 1883 mores
663 1827 932 1900 spectant,
971 1833 1122 1900 longe
1152 1834 1297 1886 aliter
1322 1832 1706 1897 sentiendum),
1740 1833 1995 1884 curiosius
2025 1839 2077 1883 et
2102 1847 2231 1898 pro-

339 1909 493 1960 lixius
529 1909 817 1961 ostendam.
897 1912 1030 1962 Nam
1069 1911 1202 1963 hanc
1242 1926 1349 1962 rem
1388 1911 1595 1963 maioris
1634 1912 1879 1961 momenti
1916 1925 2036 1962 esse
2072 1917 2229 1976 puto;

337 1985 460 2036 inde
500 1987 638 2037 enim
669 1986 878 2037 tandem
910 1988 1245 2051 concludam,
1289 1988 1609 2056 prophetiam
1647 2001 1917 2052 nunquam
1955 1985 2232 2052 prophetas

339 2063 594 2114 doctiores
623 2062 942 2126 reddidisse,
985 2065 1077 2116 sed
1109 2080 1200 2117 eos
1230 2068 1283 2116 in
1323 2067 1437 2116 suis
1474 2065 1859 2131 praeconceptis
1897 2061 2233 2128 opinionibus

342 2140 644 2206 reliquisse3
663 2154 722 2191 ac
739 2149 1010 2208 propterea
1031 2157 1128 2194 nos
1148 2143 1215 2194 iis
1235 2143 1367 2194 circa
1389 2157 1470 2194 ras
1493 2157 1632 2194 mere
1652 2137 1995 2208 speculativas
2015 2141 2234 2191 minime

338 2218 501 2268 teneri
523 2216 746 2268 credere.

439 2295 529 2350 25.
589 2293 721 2345 Mira
767 2275 993 2360 quadam
1041 2297 1427 2361 praecipitantia
1478 2309 1661 2346 omnes
1700 2291 1802 2345 sibi
1841 2300 2228 2360 persuaserunt,

339 2370 616 2440 prophetas
638 2373 839 2433 omnia,
880 2386 1014 2436 quae
1037 2372 1299 2424 humanus
1322 2372 1614 2424 intellectus
1647 2372 1855 2435 assequi
1887 2377 2087 2436 potest,
2128 2373 2235 2421 sci-

339 2449 508 2508 visse;
549 2454 600 2499 et
620 2449 852 2514 quamvis
871 2448 981 2499 loca
1004 2448 1260 2516 quaedam
1279 2450 1577 2516 scripturae
1597 2447 1750 2498 nobis
1771 2462 1925 2512 quam
1948 2448 2235 2498 clarissime

343 2525 558 2588 dictent,
592 2525 869 2590 prophetas
889 2524 1181 2590 quaedam
1165 2527 1507 2590 ignoravisse,
1542 2524 1711 2581 dicere
1730 2526 1906 2590 potius
1926 2525 2137 2589 volunt,
2160 2539 2235 2578 .se

343 2602 656 2667 Scripturam
686 2602 751 2652 iis
771 2602 824 2651 in
848 2600 975 2652 locis
997 2615 1100 2652 non
1120 2603 1426 2667 inteiiigere,
1470 2615 1625 2671 quam
1646 2601 1931 2654 concedere
1952 2601 2233 2667 prophetas

343 2692 451 2729 rem
471 2679 697 2743 aliquam
718 2678 1032 2742 ignoravisse
1046 2716 1060 2740 ,
1095 2685 1184 2728 aut
1201 2678 1351 2730 verba
1376 2679 1665 2743 Scripturas
1686 2678 1753 2728 ita
1772 2685 2016 2743 torquere
2038 2691 2237 2730 conan-

342 2763 453 2817 tur,
483 2763 541 2805 ut
567 2753 650 2818 id,
682 2753 822 2824 quod
855 2754 1004 2821 piane
1033 2769 1136 2806 non
1163 2755 1305 2816 vuit,
1337 2754 1490 2806 dicat.
1572 2753 1707 2806 Sane
1722 2749 1777 2804 'si
1808 2753 1991 2806 horum
2026 2755 2236 2805 uti-um-

341 2834 418 2883 vis
445 2831 590 2894 licet,
630 2838 799 2882 actum
832 2837 912 2881 est
942 2843 1061 2881 cum
1091 2837 1197 2881 tota
1216 2832 1508 2897 Scriptura:
1552 2831 1743 2882 frustra
1763 2833 1903 2882 enim
1924 2831 2235 2884 conabimur

344 2907 541 2974 aliquid
577 2922 637 2960 ex
666 2907 927 2973 Scriptura
955 2906 1259 2971 ostendere,
1300 2910 1345 2959 si
1384 2924 1467 2973 ea,
1510 2923 1642 2974 quae
1674 2910 1891 2961 maxime
1923 2907 2055 2980 clara
2087 2917 2233 2973 sunt,

446 3073 486 3126 *J
515 3073 612 3140 Yid·
633 3077 660 3116 2
675 3075 786 3130 neg.
808 3086 910 3132 cap.
932 3079 972 3119 2.
993 3089 1034 3122 v.
1057 3078 1121 3120 16.
1141 3041 1265 3134 sqq..
