2350 3475
342 73 485 133 xlm
760 72 1153 121 TRAGTATUS
1189 72 1438 119 ‘Infima
1445 72 1588 118 olco
1601 100 1626 111 -
1637 70 1848 119 PoLIT.

358 256 446 308 6¹.
479 255 559 307 Ra
570 253 702 307 torta
720 252 854 305 ider-
870 250 1027 303 animi
1052 250 1344 303 sineeritate
1359 249 1618 313 hemum,
1649 248 1793 317 quod
1811 248 2036 316 potede
2049 246 2264 310 finalia,

352 339 477 385 utut
492 330 564 383 eh·
576 331 707 397 ipsis
723 330 777 381 in
796 330 977 395 paneis
998 326 1338 394 originalibus
1357 329 1560 379 inventu
1589 324 1782 379 fuerint
1794 364 1810 390 ,
1846 326 2050 379 tradere
2065 326 2268 379 wlue-

360 416 507 473 runt‚
547 415 703 473 uque
724 404 1053 471 originalium
1074 403 1444 471 discrepantias
1465 410 1641 455 neure
1654 440 1669 465 ,
1708 418 1818 455 non
1833 404 2048 471 quidem
2068 410 2134 455 ut
2153 403 2267 455 dn-

355 485 469 539 bias
483 525 497 549 ,
538 484 633 537 sed
652 488 712 535 ut
732 482 893 535 varias
912 481 1185 542 lectiones;
1227 495 1322 533 nee
1341 496 1432 547 ego
1451 479 1663 533 easdem
1681 479 1871 533 dubias
1901 473 2104 543 vocavi,
2152 481 2264 531 nisi

358 564 481 630 quia
500 574 671 613 revera
690 558 795 610 fere
816 572 998 610 omnes
1018 556 1145 609 tales
1166 559 1366 623 reperio
1379 596 1394 619 ‚
1433 565 1492 611 ut
1511 558 1723 609 minime
1751 559 1946 621 sciam,
1985 571 2263 623 quaenam

356 654 479 707 prae
497 638 595 689 alia
616 637 683 687 sit
703 633 987 701 probanda.
1060 634 1145 689 62.
1184 635 1422 701 Denique
1442 642 1641 701 praeter
1665 633 1855 687 dubias
1885 634 1978 687 has
1995 634 2264 686 lectiones

356 721 663 767 notaverunt
680 712 895 779 insuper
913 709 1113 763 scribae
1132 714 1371 777 (vacuum
1393 712 1623 779 spatium
1639 712 1695 763 in
1711 710 1896 764 mediis
1909 711 2264 778 paragraphis
2335 722 2338 731 ·

355 788 750 859 interponendo)
776 788 929 856 plura
956 787 1068 839 loca
1099 794 1361 851 truncata,
1402 802 1622 854 quorum
1652 802 1926 841 numerum
1953 790 2263 841 Masoretae

354 868 593 929 traduut;
632 871 909 917 numerant
935 865 1131 916 scilicet
1155 865 1332 931 viginti
1360 871 1474 917 octo
1500 864 1644 927 loca,
1683 865 1774 918 ubi
1801 868 1858 919 in
1887 863 2058 918 medio
2087 879 2260 931 para-

352 944 550 1011 grapho
576 944 807 1011 spatium
836 955 1054 995 vacuum
1082 941 1456 1009 interponitur;
1497 942 1672 994 nescio
1687 958 1754 996 an
1776 944 1931 997 etiam
1953 942 2006 993 in
2027 956 2262 995 numero
2336 956 2337 985 ³

354 1020 564 1087 aliquod
586 1020 887 1087 mysterium
907 1018 1063 1070 latere
1084 1017 1320 1071 credunt.
1393 1019 1557 1085 spatii
1575 1026 1747 1071 autem
1769 1026 1962 1072 certam
1983 1020 2263 1083 quantita-
2336 1014 2337 1039 ³

356 1107 461 1150 tem
496 1097 734 1163 religiose
774 1095 1050 1149 observant
1084 1094 1370 1147 Pharisaei.
1463 1095 1550 1149 63.
1587 1097 1790 1149 Horum
1826 1094 2124 1162 exemplum
2171 1096 2267 1163 (ut

356 1189 519 1226 unum
542 1172 805 1239 adferam)
836 1171 1053 1224 habetur
1070 1172 1123 1223 in
1144 1172 1336 1224 GeneS.
1360 1186 1475 1239 cap.
1497 1176 1548 1223 4.
1572 1187 1620 1226 v.
1643 1174 1719 1237 8.,
1759 1175 1849 1239 qui
1869 1174 1950 1225 sic
1969 1172 2259 1225 scribitur:

354 1250 429 1302 Et
458 1252 602 1303 dimit
626 1250 767 1301 Isain
784 1249 1287 1315 Habeliffam-suo
1322 1286 1336 1299 .
1361 1284 1375 1299 .
1401 1284 1416 1299 .
1440 1285 1455 1300 .
1485 1254 1540 1299 et
1568 1255 1826 1317 contigit,
1864 1251 1990 1302 dum
2015 1256 2186 1300 erant
2203 1254 2263 1300 in

355 1344 571 1395 campo,
609 1332 673 1378 ut
688 1327 830 1379 Hain
848 1330 983 1387 etc„
1020 1325 1109 1377 ubl
1130 1327 1356 1391 spatium
1378 1323 1688 1391 relinquitur
1706 1342 1954 1390 vacuum,
1990 1326 2084 1377 ubi
2116 1327 2263 1377 seire
2336 1362 2337 1371 2

356 1405 782 1473 expectabamus,
824 1402 950 1470 quid
980 1402 1032 1453 id
1062 1402 1242 1464 fuerit,
1285 1402 1588 1467 quod-Kaio
1621 1402 1760 1455 fratri
1789 1404 1999 1456 dixerat.
2074 1402 2151 1453 Et
2192 1403 2264 1455 ad

353 1481 495 1534 hunc
523 1481 735 1533 modum
768 1480 997 1547 (praeter
1026 1480 1111 1530 illa
1143 1492 1276 1544 quae
1308 1479 1409 1530 iam
1439 1479 1760 1549 notavimus)
1788 1496 1817 1531 a
1847 1478 2032 1531 scribis
2069 1480 2266 1530 relicta

356 1559 533 1623 viginti
571 1566 685 1610 octo
726 1558 1078 1623 reperiuntur;
1130 1570 1350 1621 quorum
1392 1563 1558 1625 tamen
1601 1555 1762 1609 multa
1802 1571 1903 1608 non
1941 1565 2266 1623 apparerent

356 1642 587 1687 truncata
602 1673 616 1696 ,
656 1634 760 1685 nisi
780 1635 1005 1701 spatium
1028 1632 1350 1685 interiectum
1373 1642 1530 1685 esset.
1603 1633 1708 1685 Sed
1727 1633 1792 1685 de
1811 1630 1895 1685 his
1916 1634 2062 1685 satis.

407 1853 586 1918 CAP.
632 1855 715 1918 X.
808 1855 1048 1936 Reliqui
1096 1855 1336 1919 Veteris
1383 1855 1751 1920 Testamenti
1799 1856 1930 1920 libri
1974 1857 2205 1918 eodem

702 1951 882 2012 modo
918 1970 1037 2030 quo
1073 1951 1418 2032 superiores
1455 1953 1884 2016 examinantur.

454 2113 681 2164 Transeo
708 2106 773 2162 ad
802 2112 1031 2176 reliquos
1049 2111 1253 2164 Veteris
1270 2114 1590 2164 Testamenti
1611 2112 1788 2166 libros.
1864 2112 1934 2164 At
1951 2113 2016 2164 de
2041 2111 2263 2164 duobus

352 2188 797 2255 Paralipomenon
823 2188 948 2239 nihil
979 2187 1101 2240 certi
1132 2191 1185 2240 et
1213 2189 1353 2255 quod
1381 2203 1562 2255 operae
1582 2191 1803 2257 pretium
1823 2191 1917 2256 sit,
1957 2189 2263 2240 notandum
2336 2233 2337 2248 ,

352 2265 518 2317 habeo
536 2305 549 2326 ,
590 2267 691 2316 nisi
723 2265 863 2331 quod
892 2265 1091 2316 dudum
1118 2272 1240 2332 post
1269 2267 1517 2329 Hezram,
1558 2273 1608 2318 et
1635 2267 1766 2319 sorte
1783 2275 2064 2333 postquam
2083 2262 2264 2318 Iudas

352 2340 699 2395 Machabaeus
724 2341 977 2408 templum
997 2343 1384 2410 restauravit*),
1407 2344 1585 2411 scripti
1604 2343 1838 2396 fuerunt.
1905 2344 2039 2396 Nam
2059 2356 2189 2410 cap.
2205 2345 2261 2396 9.
2336 2409 2337 2414 ἵ

454 2513 492 2562 )
530 2510 690 2556 Oritur
720 2509 797 2555 hic
822 2510 1029 2566 suspicio
1060 2509 1314 2566 (siquidem
1341 2510 1546 2565 suspicio
1576 2512 1665 2556 dici
1695 2518 1876 2568 potest,
1915 2511 2043 2568 quod
2061 2519 2264 2561 certum

354 2571 451 2621 est)
480 2581 535 2613 ex
562 2569 839 2614 deductione
870 2567 1173 2626 genealogiae
1202 2571 1324 2626 regis
1356 2569 1632 2626 lechoniae,
1673 2584 1796 2628 quae
1831 2571 2031 2616 traditur
2068 2583 2184 2628 cap.
2217 2575 2261 2616 3.

353 2627 459 2672 libr.
484 2631 519 2670 1.
546 2629 699 2674 Paral
720 2632 785 2684 (v.
808 2629 873 2672 n.
896 2631 1092 2686 sqq.)et
1108 2629 1382 2685 producitur
1399 2641 1550 2687 usque
1569 2631 1626 2674 ad
1650 2629 1770 2676 filios
1791 2629 2150 2688 Elghogenaei,
2176 2633 2264 2688 qui
2336 2645 2337 2648 ¹

352 2687 522 2732 decimi
542 2689 665 2732 tertii
684 2689 747 2733 ab
769 2701 825 2733 eo
846 2695 1003 2744 erant;
1034 2694 1079 2732 et
1098 2690 1382 2739 notandum,
1413 2690 1542 2745 quod
1563 2689 1809 2735 lechonias
1831 2691 1942 2746 iste,
1963 2699 2075 2734 eum
2098 2691 2148 2733 ei
2173 2701 2264 2735 ca—
2336 2697 2337 2718 ³

352 2754 488 2792 tenae
525 2739 725 2792 iniectae
760 2754 895 2804 sunt,
932 2722 1111 2793 lisseros
1150 2761 1245 2793 non
1283 2749 1518 2805 habebat,
1553 2751 1636 2796 sed
1665 2751 1872 2802 videtur,
1911 2741 2038 2805 quod
2067 2748 2264 2796 liberos
2336 2769 2337 2774 ¹

352 2808 399 2852 in
436 2819 626 2851 earcere
663 2808 875 2863 genuerit
911 2807 1057 2858 (Gall.
1100 2820 1209 2866 qu
1215 2807 1262 2852 il
1299 2820 1356 2853 en
1394 2815 1476 2854 eut
1501 2811 1622 2854 deux
1648 2811 1764 2854 dans
1796 2808 1842 2854 la
1871 2808 2078 2864 prisou“
2085 2841 2100 2864 ,
2147 2810 2263 2856 scil.

352 2853 717 2938 ὯΝἾΠΒΝΨΗ.
739 2897 780 2928 e.
812 2884 963 2928 Deum
992 2883 1180 2942 rogavi,
1221 2891 1268 2930 et
1298 2857 1609 2968 ΕἾἹΞῘᾌῃὶ.
1632 2899 1673 2930 e.
1703 2898 1784 2930 rex
1813 2885 1981 2940 altus).
2012 2893 2264 2942 quantum

352 2980 406 3012 ex
434 2942 731 3022 nominibus,
770 2979 895 3025 quae
923 2968 980 3012 iis
1017 2969 1169 3026 dedit,
1210 2970 1444 3015 eoniieere
1480 2960 1606 3016 licet.
1659 2970 1716 3014 At
1754 2977 1972 3026 nepotes,
2012 2980 2266 3026 quantum

353 3028 493 3073 etiam
512 3039 568 3072 ex
587 3039 749 3073 eorum
770 3026 1039 3072 nominibus
1060 3028 1298 3076 coniicere
1327 3028 1462 3085 lieet,
1491 3029 1716 3075 habuisse
1744 3029 1952 3086 videtur,
1991 3035 2264 3089 postquam
