2350 3475
371 127 396 188 1
415 125 490 186 18
769 127 1160 177 TnAcTATUS
1198 127 1597 174 wasonoomo
1610 126 1855 173 -ponm

364 309 418 358 in
457 305 746 362 Hebraeem
783 308 1084 361 translatum
1121 307 1287 360 fuisse
1302 345 1315 370 ,
1356 313 1409 359 et
1440 305 1573 358 hunc
1612 319 1729 358 esse
1764 305 1882 369 eins
1916 302 2253 358 obscuritatis

366 398 596 438 causam.
666 387 744 438 De
772 385 918 437 libris
945 384 1249 452 apocryphis
1288 382 1417 436 nihil
1452 383 1594 448 dico,
1636 380 2059 450 quandoquidem
2098 380 2255 446 longe

366 462 635 514 dissimilis
655 469 780 514 sunt
797 462 1134 514 auctoritatis.

467 539 552 592 65.
588 537 762 604 Atque
791 537 888 590 hae
914 553 1096 590 omnes
1113 538 1277 593 huius
1292 537 1521 590 methodi
1539 535 1909 604 interpretandi
1930 535 2255 600 scripturam

364 629 424 666 ex
444 617 630 682 ipsius,
655 628 810 680 quam
831 613 1016 668 habere
1034 630 1338 682 possumus,
1361 615 1571 668 historia
1592 614 1919 666 difficultates
1938 619 2091 672 sunt,
2114 626 2254 676 quas

364 705 598 744 enarrare
619 705 952 758 susceperam
966 732 980 755 ,
1003 707 1242 758 quasque
1260 707 1355 758 ego
1374 691 1503 744 adeo
1522 705 1733 758 magnas
1754 691 2009 750 existimo,
2032 696 2095 740 ut
2110 687 2256 738 affir-

363 782 503 820 mare
521 782 625 818 non
647 766 902 832 dubitem,
923 783 1020 820 nos
1040 785 1218 822 verum
1242 770 1769 836 Scripturae-sensum
1790 767 2029 833 plurimis
2046 768 2100 817 in
2123 765 2255 816 locis

361 843 438 896 vel
461 845 694 909 ignorare
708 882 723 908 ,
745 845 824 897 vel
841 846 956 898 sine
977 847 1285 899 certitudine
1302 847 1557 898 hariolari.
1633 845 1718 896 66.
1761 845 1951 896 Verum
1971 843 2115 894 enim
2133 857 2255 894 vero

359 919 458 971 hoc
494 921 680 974 iterum
711 930 884 974 contra
924 923 1213 974 notandum
1250 924 1418 984 venit,
1460 921 1553 972 has
1580 935 1762 972 omnes
1791 919 2119 972 difficultates
2148 920 2255 969 im-

359 995 536 1062 pedire
555 1003 754 1049 tantum
774 1012 948 1065 posse,
973 999 1253 1065 quominus
1274 1004 1502 1050 mentem
1518 997 1887 1064 prophetorum
1906 1009 2257 1060 assequamur
2337 1015 2338 1018 ¹

361 1074 492 1127 circa
519 1089 602 1126 res
631 1075 1064 1142 imperceptibiles
1093 1083 1143 1126 et
1172 1089 1305 1141 ques
1332 1081 1533 1126 tantum
1566 1074 1859 1138 imaginari,
1897 1079 1951 1124 at
1981 1087 2089 1123 non
2118 1073 2252 1124 circa

357 1164 443 1201 res
459 1189 472 1213 ,
513 1165 644 1217 quas
671 1159 723 1204 et
749 1152 1009 1204 intellectu
1039 1153 1249 1217 assequi
1272 1158 1323 1203 et
1342 1166 1559 1218 quarum
1582 1148 1775 1202 clarum
1794 1163 2081 1216 possumus
2102 1149 2255 1200 facile

358 1226 578 1281 formare
617 1238 946 1296 conceptum.
1016 1230 1123 1280 Res
1161 1230 1329 1291 enim,
1370 1243 1503 1295 quse
1542 1241 1639 1279 sua
1675 1234 1851 1279 natura
1889 1225 2039 1278 facile
2074 1227 2252 1292 perci-

357 1305 572 1369 piuntur
584 1306 642 1374 ¹⁸¹)
657 1345 670 1369 ,
710 1321 980 1372 nunquam
1004 1314 1108 1358 tam
1129 1305 1349 1359 obscure
1370 1306 1473 1357 dici
1495 1310 1743 1372 possunt,
1784 1303 1911 1369 quin
1934 1302 2081 1354 facile
2101 1303 2253 1355 intel—

357 1380 584 1446 ligantur
605 1421 618 1445 ,
673 1383 810 1434 iuxta
845 1383 976 1434 illud
1016 1382 1385 1450 proverbium=
1444 1381 1745 1446 intelligenti
1793 1379 1991 1432 dictum
2024 1385 2107 1431 sat
2148 1387 2251 1431 est.

358 1458 444 1510 67.
481 1458 728 1512 Euclides
743 1499 757 1522 ,
799 1461 1016 1525 quinon
1037 1461 1141 1511 nisi
1164 1475 1247 1514 res
1263 1457 1546 1512 admodum
1568 1457 1830 1533 simplices
1850 1464 1902 1508 et
1920 1457 2252 1508 maximein-
2337 1531 2338 1534 Ἰ

358 1533 652 1601 telligibiles
679 1537 917 1606 scripsit,
959 1537 1102 1589 facile
1125 1537 1192 1589 ab
1212 1549 1531 1602 unoquoque
1547 1535 1601 1586 in
1622 1535 1806 1601 quavis
1825 1534 1999 1600 lingua
2020 1533 2251 1600 explica·-

357 1617 466 1671 tur;
509 1623 612 1662 non
641 1613 778 1665 enim
811 1620 870 1664 ut
897 1613 1010 1664 eius
1039 1622 1265 1666 mentem
1294 1626 1635 1679 assequamur
1660 1611 1793 1662 etde
1812 1625 1931 1663 vero
1950 1611 2061 1662 eius
2081 1623 2251 1661 sensu

357 1687 479 1739 certi
501 1689 696 1750 simus,
737 1702 873 1755 opus
893 1696 971 1741 est
989 1690 1239 1757 integram
1263 1689 1495 1756 linguae,
1519 1703 1620 1754 qua
1640 1687 1877 1754 scripsit,
1900 1687 2251 1753 cognitionem

355 1762 573 1827 habere,
612 1764 707 1816 sed
737 1773 934 1819 tantum
964 1766 1247 1819 admodum
1268 1780 1599 1817 communem
1620 1772 1670 1817 et
1690 1764 1792 1817 fere
1813 1765 2095 1830 puerilem,
2138 1778 2251 1815 non

355 1842 527 1903 vitam,
553 1843 725 1895 studia
746 1850 798 1894 et
815 1858 985 1895 mores
1003 1844 1229 1894 auctoris
1248 1844 1397 1906 scire,
1422 1856 1591 1908 neque
1610 1856 1715 1907 qua
1736 1842 1926 1907 lingua,
1948 1841 2051 1903 cui,
2072 1854 2251 1905 neque

355 1917 567 1983 quando
587 1920 876 1986 scripserit,
919 1935 1022 1971 non
1042 1919 1158 1971 libri
1185 1920 1443 1971 fortunam
1467 1934 1636 1984 neque
1655 1919 1821 1970 varias
1842 1919 1955 1971 eius
1973 1916 2241 1979 lectioneS,

357 2008 450 2043 nec
497 1997 758 2060 quomodo
779 2035 793 2053 .
851 2011 946 2048 nec
992 1997 1218 2061 denique
1268 2011 1491 2063 quorum
1530 1995 1747 2047 concilio
1784 2001 2029 2059 acceptus
2062 1992 2245 2045 suerit.

358 2070 442 2121 68.
467 2070 532 2121 Et
551 2071 692 2136 quod
711 2072 794 2123 hic
809 2072 874 2123 de
884 2073 1118 2133 Euclide,
1137 2072 1188 2123 id
1208 2072 1273 2124 de
1292 2072 1555 2133 omnibuS,
1574 2072 1749 2137 quide
1769 2070 1924 2121 rebus
1944 2083 2039 2123 sua
2060 2077 2245 2121 natura

355 2148 784 2213 perceptibilibus
823 2142 1174 2215 scripserunt,
1217 2150 1527 2210 dicen-dum;
1584 2151 1819 2214 adeoque
1858 2146 2245 2209 concludimus,

354 2237 453 2275 nos
473 2232 697 2276 mentem
719 2227 1012 2291 scripturae
1034 2228 1168 2277 circa
1192 2227 1500 2279 documenta
1528 2226 1737 2279 moralia
1768 2225 2045 2291 exipsius,
2082 2237 2245 2289 quam
2337 2220 2338 2285 ξ

353 2299 541 2354 habere
556 2315 862 2368 possumus,
877 2302 1090 2355 historia
1103 2302 1251 2356 facile
1266 2304 1423 2372 posse
1438 2304 1647 2369 assequi
1664 2303 1791 2355 etde
1808 2316 1925 2355 vero
1942 2301 2057 2353 eius
2077 2314 2247 2351 sensu

456 2487 496 2538 *)
532 2486 626 2531 Per
642 2498 717 2529 ree
731 2486 1065 2543 perceptibiles
1085 2502 1176 2533 non
1200 2488 1304 2533 illas
1326 2494 1505 2533 tantum
1526 2486 1763 2543 intelligo,
1786 2498 1909 2544 quae
1926 2485 2135 2542 legitime
2154 2486 2245 2530 de-

353 2553 674 2591 monstrantur
700 2545 854 2601 (Gau.
876 2547 944 2593 les
965 2548 1158 2601 choses,
1180 2549 1294 2592 dont
1310 2547 1355 2593 la
1375 2548 1743 2592 demonstration
1762 2552 1835 2592 est
1850 2545 2057 2593 sensihle
2076 2552 2123 2589 et
2141 2546 2245 2589 evi-

353 2607 538 2662 dente),
559 2608 640 2661 sed
663 2607 806 2652 etiam
827 2607 959 2663 illas,
981 2620 1098 2665 quas
1120 2607 1287 2653 morali
1309 2606 1600 2653 certitudine
1606 2606 1824 2662 amplecti
1845 2612 1892 2651 et
1908 2606 2009 2651 sine
2030 2605 2245 2651 admira-

353 2665 480 2709 tione
500 2666 664 2710 audire
683 2666 908 2723 solemus,
931 2668 1114 2712 tametsi
1136 2666 1445 2711 demonstrari
1468 2678 1766 2723 nequaquam
1788 2666 1982 2722 possint.
2028 2664 2241 2710 Euclidis

353 2725 696 2779 propositiones
733 2738 759 2770 a
799 2728 962 2782 quovis
1000 2727 1345 2781 percipiuntur,
1390 2724 1664 2782 priusquam
1704 2726 2097 2770 demonstrantur.
2162 2723 2243 2769 Sic

354 2784 494 2827 etiam
517 2783 736 2831 historias
755 2797 912 2831 rerum
935 2791 1028 2829 tam
1051 2786 1343 2838 suturarum,
1364 2795 1506 2853 quam
1524 2786 1901 2855 praeteritarum,
1922 2795 2046 2840 quae
2064 2784 2241 2827 huma-

353 2855 462 2889 nam
481 2841 621 2889 fidem
641 2857 734 2889 non
755 2846 1006 2899 excedunt,
1045 2849 1098 2888 ut
1115 2851 1162 2887 et
1181 2857 1243 2888 m.
1266 2844 1394 2898 iura,
1434 2844 1643 2889 instituta
1672 2851 1717 2889 et
1734 2856 1889 2889 mores
1905 2841 2241 2897 perceptibiles
2337 2892 2338 2905 χ

351 2914 468 2947 voco
499 2907 545 2944 et
573 2904 752 2953 claros.
791 2904 976 2947 tametsi
1003 2908 1244 2961 nequeunt
1270 2904 1600 2949 mathematice
1638 2903 1962 2949 demonstrari.
2018 2902 2239 2947 Ceterum

352 2961 700 3019 hieroglyphice
722 2968 769 3007 et
786 2962 1024 3019 historias,
1046 2975 1169 3020 quae
1190 2962 1331 3009 fldem
1350 2975 1537 3009 omnem
1559 2960 1785 3009 excedere
1804 2962 2031 3018 videntur,
2050 2962 2237 3017 imper-

353 3020 595 3075 ceptibiles
620 3033 763 3080 voco;
801 3027 848 3066 et
866 3029 1021 3067 tamen
1039 3034 1095 3067 ex
1115 3022 1187 3068 his
1207 3022 1343 3081 plura
1362 3023 1561 3080 dantur,
1598 3035 1721 3081 quae
1740 3035 1797 3069 ex
1824 3026 1985 3069 nostra
2016 3020 2239 3068 methodo

352 3081 618 3137 investigari
635 3086 850 3139 possunt,
871 3087 924 3125 ut
943 3090 1147 3128 mentem
1169 3084 1375 3129 auctoris
1395 3083 1730 3141 percipiamus.
1786 3078 1875 3138 Sp·

2330 1079 2339 1145 1

2324 1345 2339 1378 4
