2350 3475
378 87 460 150 66
768 87 1160 137 ΤΒΔΰΤΔΊἮΒ
1198 87 1853 136 vunonnfflco-Pour.

377 270 448 322 11.
486 269 616 320 Eam
643 283 748 320 nou
769 268 964 334 exigere
985 264 1140 320 fldem
1160 266 1521 330 historiarum,
1560 280 1919 332 quaenamve
1938 265 2155 318 demum
2172 280 2269 318 eae

377 347 589 401 fuerint.
658 347 790 400 Nam
826 342 1249 410 quandoquidem
1287 342 1413 396 haec
1450 342 1531 396 lex
1567 343 1738 397 diuina
1774 343 2023 394 naturalis
2056 357 2119 394 ex
2152 344 2269 396 sola

379 422 789 483 consideratione
806 421 1064 475 humanae
1083 427 1298 478 naturae
1314 420 1629 486 intelligatur
1642 459 1656 484 ,
1678 428 1873 472 certum
1897 427 1976 470 est
1988 435 2127 482 ,nos
2146 435 2267 472 eam

377 515 544 566 aeque
579 499 844 563 concipere
880 512 1037 564 posse
1071 499 1124 550 in
1159 496 1396 560 Anemo,
1445 510 1505 548 ac
1540 497 1639 550 alio
1678 510 1991 563 quocunque
2028 497 2265 560 homine,

379 591 546 642 aeque
561 577 614 628 in
634 575 866 640 homine,
907 577 1002 642 qui
1020 577 1152 628 inter
1171 574 1407 626 homines
1424 575 1568 636 vivit,
1610 589 1670 626 ac
1688 576 1741 626 in
1760 575 1986 636 homine,
2026 575 2119 638 qui
2136 575 2269 626 soli-

378 655 562 707 tariam
579 651 729 704 vitam
749 652 873 717 agit.
965 653 1049 704 19.
1085 649 1193 704 Nec
1212 651 1342 704 fides
1362 653 1715 718 historiarum,
1754 653 2087 718 quantumvis
2102 658 2265 713 certa,
2333 669 2334 676 ¹

376 729 472 780 Dei
511 729 880 793 cognitionem,
920 735 972 779 et
1007 734 1385 795 consequenter
1419 743 1514 780 nec
1544 730 1697 780 etiam
1728 729 1825 780 Dei
1854 743 2083 780 amorem
2110 729 2267 780 nohis
2333 773 2334 786 ἢ

379 805 502 858 darc
539 809 728 870 potest.
818 803 983 859 Amor
1020 807 1158 858 enim
1196 807 1289 857 Dei
1326 805 1395 857 ab
1431 807 1545 859 eius
1581 807 1872 871 cognitione
1911 805 2092 864 oritur;
2152 807 2269 856 eins

377 888 552 933 autem
581 882 804 946 cognitio
832 897 896 934 ex
917 881 1291 934 communibus
1316 882 1619 936 notionibus
1646 897 1737 948 per
1763 897 1821 934 se
1848 884 2001 934 certis
2040 889 2095 932 et
2128 884 2271 934 notis

378 958 568 1011 hauriri
590 957 781 1012 debet.-
837 960 1008 1022 Quare
1026 959 1178 1025 longe
1198 959 1360 1025 abest,
1382 967 1441 1026 ut
1461 959 1591 1012 fides
1611 959 1941 1012 historiarum
1956 959 2271 1025 requisitum

380 1036 450 1086 sit
475 1036 853 1098 necessarium,
895 1042 953 1088 ut
978 1036 1045 1088 ad
1071 1051 1341 1089 summum
1378 1031 1613 1088 nostrum
1650 1035 1847 1089 bouum
1883 1037 2267 1102 perveniamus·

378 1114 624 1166 Attamen
656 1113 890 1178 quamvis
921 1113 1052 1166 fides
1081 1109 1411 1167 historiarum
1448 1115 1546 1166 Dei
1580 1113 1923 1178 coguitionem
1958 1121 2012 1164 et
2038 1128 2272 1164 amorem
2333 1131 2334 1172 ξ

380 1189 532 1244 nobis
563 1189 686 1243 dare
713 1199 965 1256 nequeat,
1005 1205 1185 1243 earum
1214 1199 1385 1242 tamen
1410 1191 1685 1242 lectionem
1710 1191 1908 1242 ratione
1936 1191 2067 1242 vitae
2102 1191 2273 1240 civilis
2333 1221 2334 1226 κ

379 1267 650 1334 perutilem
679 1280 794 1318 esse
824 1282 930 1321 nou
957 1282 1233 1334 negamus;
1274 1281 1378 1332 quo
1405 1269 1545 1318 enim
1576 1266 1847 1318 hominum
1876 1281 2051 1319 mores
2066 1275 2121 1318 et
2138 1281 2274 1318 con-

380 1345 620 1406 ditiones„
643 1358 779 1412 quae
797 1359 858 1398 ex
873 1345 1019 1397 nulla
1040 1359 1094 1397 re
1113 1345 1329 1407 melius,
1352 1358 1511 1410 quam
1528 1358 1592 1395 cx
1606 1359 1785 1396 corum
1806 1344 2097 1396 actionibus
2122 1344 2275 1394 nosci

378 1428 627 1488 possunt,
687 1420 1128 1474 observaverimus
1163 1428 1218 1474 et
1250 1421 1437 1474 melius
1474 1422 1797 1486 noverimus,
1830 1437 1919 1472 eo
1954 1423 2092 1472 iuter
2125 1422 2274 1486 ipsos

380 1499 582 1550 cautius
613 1499 778 1551 vivere
806 1505 1113 1564 nostrasque
1132 1499 1363 1550 actiones
1382 1505 1433 1550 et
1452 1499 1607 1569 vitam
1628 1511 1807 1550 eorum
1825 1499 2059 1564 ingenio,
2098 1512 2278 1564 quan-

380 1582 494 1629 tum
531 1576 658 1626 ratio
693 1574 820 1636 fert„
859 1575 1052 1626 melius
1087 1574 1475 1628 accommodare
1512 1575 1819 1640 poterimus.
1888 1575 1977 1628 20.
2016 1575 2276 1626 Videmus
2333 1617 2334 1630 ,

379 1652 473 1702 111.
509 1651 644 1702 hanc
668 1649 832 1716 legem
860 1651 1086 1702 divinam
1111 1652 1397 1704 naturalem
1426 1666 1530 1704 non
1560 1652 1757 1717 exigere
1786 1653 2135 1713 ceremonias,
2176 1653 2279 1702 hoc
2333 1651 2334 1656 ’

380 1733 485 1791 est,
525 1727 780 1790 actiones,
821 1729 1025 1793 quaein
1045 1743 1104 1779 se
1121 1727 1475 1783 indifferentes
1495 1737 1619 1782 suut
1638 1737 1689 1782 et
1707 1729 1819 1782 solo
1842 1730 2081 1791 instituto
2103 1727 2276 1781 bonae
2333 1792 2334 1795 Ἴ

381 1810 655 1865 vocantur,
694 1804 770 1857 vel
799 1819 932 1871 quac
960 1805 1167 1871 aliquod
1196 1805 1399 1859 honum.
1440 1806 1504 1857 ad
1540 1807 1759 1859 salutem
1796 1807 2148 1859 necessarium
2192 1822 2278 1857 re-
2333 1820 2334 1867 3

381 1888 728 1949 praesentant,
752 1878 831 1934 v'el
851 1883 897 1934 si
917 1883 1078 1935 mavis
1098 1882 1343 1946 actioneS,
1368 1892 1589 1949 quarum
1608 1885 1737 1947 ratio
1755 1891 1961 1949 captum
1982 1884 2274 1935 humanum

382 1964 618 2025 superat3
659 1958 786 2011 nihil
823 1960 962 2011 enim
996 1959 1176 2014 lumen
1214 1960 1659 2027 naturalecxigit,
1700 1960 1839 2025 quod
1876 1962 2051 2026 ipsum
2091 1960 2275 2011 lumen

383 2050 490 2088 uon
509 2036 728 2101 attingit,
767 2035 860 2088 sed
880 2035 934 2087 id
952 2043 1174 2098 tantum,
1198 2038 1341 2103 quod
1362 2036 1515 2091 nobis
1534 2038 1815 2092 clarissime
1834 2038 2059 2089 indicare
2078 2044 2273 2103 potest,
2333 2082 2334 2085 ,

381 2112 580 2165 honum
599 2114 706 2166 sive
725 2112 955 2167 medium
975 2113 1042 2165 ad
1059 2122 1293 2170 nostram
1318 2114 1689 2169 beatitudinem
1720 2128 1856 2165 esse.
1931 2115 2081 2177 Quae
2098 2121 2276 2165 autem

383 2203 442 2241 ex
469 2188 582 2241 solo
611 2188 854 2244 mandato
881 2198 934 2241 et
961 2191 1197 2243 instituto
1225 2190 1363 2247 hona
1389 2198 1541 2254 sunt,
1581 2192 1658 2243 vel
1678 2206 1845 2251 exeo,
1884 2190 2025 2256 quod
2044 2190 2273 2242 alicuius

381 2265 506 2321 honi
534 2265 640 2339 sint
667 2268 1138 2331 repraesentamina
1159 2307 1172 2330 ,
1212 2283 1270 2319 ea
1303 2276 1539 2321 nostrum
1567 2268 1883 2319 intellectum
1904 2267 2149 2332 perficere
2176 2282 2274 2318 ue·-

384 2349 608 2410 queunt,
648 2356 746 2397 uec
772 2344 913 2397 aliud
943 2346 1046 2397 uisi
1074 2359 1245 2399 merae
1280 2344 1497 2397 umbrae
1532 2352 1679 2409 sunt,
1718 2358 1815 2395 nec
1852 2345 1981 2395 inter
2017 2344 2269 2406 acriorum,

385 2435 516 2486 quae
546 2421 697 2485 quasi
724 2421 894 2485 proles
922 2430 1012 2473 arnt
1048 2422 1248 2475 fructus
1284 2422 1577 2473 intellectus
1614 2428 1665 2473 et
1702 2435 1859 2473 sanae
1896 2423 2084 2473 mentis
2125 2429 2269 2483 sunt,

386 2498 644 2549 numerari
673 2505 912 2562 possunt.
985 2499 1140 2560 Quod
1169 2499 1251 2550 hic
1280 2512 1384 2550 uon
1414 2512 1548 2565 opus
1569 2505 1674 2559 est,
1714 2499 1961 2565 prolixius
1977 2498 2273 2550 ostendere.

385 2573 473 2629 21.
509 2575 749 2640 Denique
777 2573 1130 2633 videmuslv.
1154 2589 1421 2627 summum
1450 2575 1580 2641 legis
1610 2574 1811 2627 divinae
1836 2576 2127 2641 praemium
2156 2588 2274 2627 esse

385 2650 556 2716 ipsam
571 2649 766 2716 legem,
805 2665 994 2719 nempe
1011 2652 1185 2714 Deum
1200 2664 1535 2716 cognoscere,
1575 2666 1802 2717 eumque
1830 2667 1891 2704 ox
1907 2666 2023 2705 vera
2040 2651 2274 2705 libertate

386 2732 438 2778 et
465 2728 639 2782 animo
669 2728 866 2793 inoegro
895 2734 945 2779 et
971 2733 1243 2778 constante
1268 2740 1467 2789 amare:
1508 2742 1731 2794 poenam
1758 2736 1930 2781 autem
1957 2728 2143 2780 horum
2163 2731 2274 2795 pri·
2332 2794 2334 2801 A

385 2803 642 2862 rationem
685 2810 739 2857 et
780 2803 950 2856 carnis
995 2803 1319 2867 servitutem,
1368 2805 1477 2857 sive
1521 2806 1753 2857 animum
1795 2806 2173 2859 inconstantem
2222 2814 2273 2859 et

387 2878 739 2945 fluctuantem.
973 2918 990 2935 .

491 2958 578 3013 22.
613 2958 714 3011 His
733 2957 810 3012 sic
829 2958 1018 3010 notatis
1038 2955 1412 3023 inquirendum
1426 2960 1528 3013 iam
1550 2966 1644 3023 est,
1684 2960 1733 3010 1.
1750 2974 1879 3010 uum
1898 2960 2095 3011 lumine
2112 2966 2269 3011 natu-

387 3033 483 3091 ruli
509 3034 776 3105 concipere
803 3047 1089 3106 possumus
1116 3036 1288 3093 Deam
1318 3035 1473 3091 veluti
1501 3036 1845 3103 legislatorem
1874 3043 1965 3088 aut
1980 3037 2266 3103 prinoipem
