2350 3475
921 125 1056 170 car.
1110 124 1169 169 τ.
1626 87 1628 89 ’
1904 119 1987 180 77

108 301 160 352 in
179 315 392 367 corpore
411 314 539 352 sano
557 300 760 366 Deique
775 299 986 364 gloriam
1005 300 1160 352 etiam
1180 305 1299 365 post
1318 305 1531 352 mortem
1550 300 1872 366 promittere:
1893 315 1989 368 pro

108 378 411 429 ceremoniis
442 385 611 429 autem
642 377 770 428 nihil
791 378 892 428 nisi
912 378 1113 442 imperii
1133 377 1486 438 securitatem,
1525 378 1911 443 prosperitatem
1938 385 1990 430 et

107 457 336 522 eorporis
369 455 680 506 felicitatem.
757 455 840 506 11.
881 455 941 504 In
970 453 1195 504 Psalmis
1216 455 1302 506 15.
1322 461 1373 505 et
1390 456 1478 508 24.
1508 454 1649 507 nulla
1673 453 1731 505 fit
1758 469 1989 506 ceremo-

107 534 310 583 niarum
331 533 524 582 mentio
539 570 552 593 ,
593 531 686 583 sed
707 538 906 582 tantum
929 531 1357 582 documentorum
1378 531 1647 582 moralium
1662 569 1676 593 ,
1716 532 1983 594 nimirum,

108 610 229 674 quia
263 611 320 659 in
357 609 426 659 iis
466 608 531 660 de
567 608 678 660 sola
717 607 1030 659 beatitudine
1069 608 1264 672 agitur,
1321 623 1484 674 eaque
1520 609 1627 660 sola
1664 609 1985 676 proponitur,

107 685 340 751 quamvis
359 691 530 737 tamen
554 684 858 752 parabolice.
915 685 1045 735 Nam
1075 693 1270 736 certum
1298 692 1406 747 est,
1444 685 1517 736 ibi
1539 701 1629 752 per
1646 693 1873 738 montem
1892 687 1987 738 Dei

109 764 325 827 eiusque
356 763 573 814 tentoria
602 769 652 814 et
678 762 861 812 horum
888 761 1310 814 inhabitationem
1336 763 1709 815 beatitudinem
1742 770 1794 814 et
1830 764 1987 814 animi

107 839 558 906 tranquillitatem,
607 853 710 890 non
748 853 864 889 vero
902 844 1128 890 montem
1164 840 1578 906 Hierosolymae,
1618 843 1789 907 neque
1824 841 1989 892 Mosis

106 915 496 968 tabernaculum
527 916 769 981 intelligi3
809 914 934 966 haec
963 917 1102 966 enim
1128 917 1239 968 loca
1267 933 1296 968 a
1324 918 1530 968 nemine
1548 916 1986 978 inhabitabantur,

105 1007 200 1043 nec
225 994 330 1044 nisi
360 993 426 1043 ab
453 994 544 1054 iiS,
588 992 679 1058 qui
709 1006 769 1042 ex
797 993 904 1043 sola
941 991 1078 1043 tribu
1107 995 1231 1045 Levi
1267 1001 1437 1056 erant,
1476 993 1986 1046 administrabantur.

105 1073 192 1122 12.
227 1071 390 1120 Porro
407 1083 586 1120 omnes
607 1069 758 1120 etiam
780 1069 896 1120 illae
915 1068 1206 1121 Salomonis
1234 1073 1543 1134 sententiae,
1588 1086 1719 1137 quas
1745 1073 1799 1124 in
1828 1085 1989 1137 supe—

102 1147 236 1197 riore
266 1147 432 1211 capite
459 1145 636 1207 attuli,
678 1159 768 1210 pro
797 1145 910 1197 solo
937 1147 1080 1197 cultu
1106 1146 1400 1198 intellectus
1431 1155 1480 1199 et
1509 1150 1790 1214 sapientiae
1816 1163 1986 1200 veram

100 1224 414 1287 promittunt
437 1223 806 1274 beatitudinem
825 1262 840 1283 ,
880 1237 1093 1288 nempe,
1135 1222 1274 1290 quod
1304 1239 1362 1274 ex
1390 1240 1449 1275 ea
1478 1225 1685 1275 tandem
1713 1226 1866 1276 timor
1893 1225 1989 1275 Dei

99 1301 421 1365 intelligetur
449 1307 500 1351 et
526 1301 620 1350 Dei
649 1300 862 1350 scientia
892 1300 1197 1351 invenietur.
1272 1301 1357 1354 13.
1396 1300 1551 1363 Quod
1570 1307 1744 1352 autem
1761 1301 1988 1352 Hebraei

97 1384 220 1442 post
249 1377 570 1428 destructum
600 1391 777 1427 eorum
807 1377 1080 1442 imperium
1108 1391 1211 1429 non
1241 1385 1481 1428 tenentur
1500 1379 1816 1430 ceremonias
1838 1392 1985 1428 exer-

101 1468 245 1515 cere,
286 1459 427 1519 patet
447 1468 505 1504 ex
522 1454 768 1513 Ieremia,
808 1456 897 1517 qui
925 1453 1016 1504 ubi
1047 1453 1191 1505 urbis
1226 1456 1560 1506 vastationem
1600 1468 1759 1520 prope
1794 1455 1987 1504 instare

97 1531 227 1582 vidit
254 1537 308 1582 et
335 1530 608 1596 praedicit,
649 1532 748 1592 ait,
785 1529 958 1580 Deum
983 1545 1074 1581 eos
1101 1536 1307 1582 tantum
1332 1531 1587 1596 diligere,
1626 1534 1723 1599 qm·-
1746 1534 1919 1582 sciunt
1937 1535 1991 1580 et

97 1606 415 1672 intelligunt
425 1645 440 1668 ,
480 1607 624 1673 quod
638 1610 749 1673 ipse
766 1613 982 1659 excercet
997 1609 1419 1660 mirericordiam
1430 1647 1446 1674 ,
1486 1609 1747 1660 indicium
1766 1613 1819 1660 et
1835 1610 1989 1658 iusti-

99 1687 236 1734 tiam
263 1686 323 1733 in
349 1683 541 1734 mundo
552 1703 574 1747 ,-
611 1684 846 1751 adeoque
871 1688 928 1735 in
945 1691 1220 1753 posterum
1242 1701 1347 1738 non
1364 1689 1471 1738 nisi
1488 1702 1601 1748 eos,
1638 1688 1735 1753 qui
1750 1687 1881 1737 haec
1896 1700 1990 1735 no-

95 1766 253 1825 runt,
295 1761 450 1811 laude
485 1762 677 1825 dig-nos
713 1762 1065 1813 aestimandos
1101 1780 1211 1814 esse
1250 1764 1393 1831 (vide
1422 1779 1535 1830 cap.
1560 1764 1612 1815 9.
1633 1778 1682 1815 v.
1702 1764 1791 1819 23.
1814 1762 1983 1831 sqq.),

99 1838 256 1904 quasi
277 1837 490 1899 diceret,
512 1839 679 1890 Deum
702 1848 820 1905 post
838 1839 981 1890 urbis
999 1842 1333 1891 vastationem
1354 1840 1479 1891 nihil
1498 1837 1761 1906 singulare
1779 1840 1987 1891 Iudaeis

97 1916 300 1980 exigere
315 1954 328 1973 ,
373 1928 466 1965 nec
485 1914 623 1965 aliud
642 1915 708 1966 ab
728 1916 912 1967 iisdem
933 1918 988 1967 in
1005 1925 1273 1983 posterum
1293 1925 1464 1983 petere
1484 1924 1684 1983 praeter
1699 1918 1866 1983 legem
1888 1932 1985 1967 na·-

96 1991 353 2053 turalem,
402 2005 502 2056 qua
541 2007 720 2043 omnes
758 1993 998 2045 mortales
1035 2000 1291 2045 tenentur.
1367 1994 1449 2044 14.
1488 1995 1689 2045 Novum
1728 2001 1987 2060 praeterea

93 2074 468 2119 testamentum
499 2068 594 2121 hoc
622 2071 796 2135 ipsum
827 2070 981 2137 plane
1009 2070 1295 2121 confirmat.
1366 2072 1515 2121 In‘eo
1546 2071 1714 2135 enim,
1754 2072 1828 2123 uti
1850 2071 1986 2123 dixi-

94 2160 222 2197 mus
237 2183 256 2209 ,
295 2144 600 2197 documenta
632 2154 833 2197 tantum
863 2148 1074 2199 moralia
1094 2148 1346 2199 docentur
1364 2155 1414 2198 et
1432 2161 1525 2213 pro
1546 2148 1609 2198 iis
1630 2163 1843 2213 regnum
1866 2162 1989 2199 coe-

90 2223 232 2274 leste
262 2222 600 2286 promittitur3
640 2226 956 2275 ceremonias
986 2231 1189 2285 autem,
1228 2230 1504 2290 postquam
1532 2225 1851 2291 evangelium
1872 2223 1987 2275 aliis

91 2302 258 2351 etiam
272 2297 532 2365 gentibus,
557 2300 878 2366 quialterius
898 2301 1211 2368 reipublicae
1229 2302 1339 2351 iure
1360 2300 1681 2365 tenebantur,
1704 2299 1985 2367 praedicari

89 2376 324 2442 incepit,
367 2377 557 2427 missas
593 2377 828 2429 fecerunt
861 2378 1098 2443 apostoli.
1173 2378 1329 2440 Quod
1367 2384 1541 2429 autem
1568 2378 1831 2429 Pharisaei
1868 2382 1987 2443 post

89 2454 361 2506 amissum
395 2454 667 2520 imperium
704 2469 792 2506 eas
829 2461 918 2505 aut
951 2456 1132 2506 saltem
1169 2468 1404 2519 magnam
1436 2469 1610 2505 earum
1642 2460 1836 2519 partem
1862 2454 1988 2504 reti-

89 2532 336 2592 nuerint,
380 2529 435 2582 id
463 2532 630 2597 magis
658 2532 831 2582 animo
851 2531 1154 2583 Christianis
1183 2533 1511 2593 adversandi,
1552 2545 1706 2597 quam
1734 2532 1844 2581 Deo
1870 2530 1987 2597 pla·-

89 2607 254 2659 cendi
281 2607 530 2661 fecerunt.
605 2610 691 2659 15.
727 2610 858 2659 Nam
887 2616 1005 2675 post
1032 2610 1247 2675 primam
1276 2608 1419 2659 urbis
1448 2608 1986 2672 vastationem‘qunm

88 2683 434 2750 Babylonem
451 2684 646 2751 captivi.
666 2678 806 2737 ducti
835 2685 1072 2747 fuerunt,
1112 2688 1234 2751 quia
1262 2693 1371 2736 tum
1400 2688 1453 2735 in
1482 2691 1648 2736 sectas
1678 2698 1784 2735 non
1820 2692 1983 2746 erant,

90 2761 245 2826 quod
264 2762 426 2813 sciam
445 2801 460 2822 ,
498 2761 677 2826 divisi,
718 2763 894 2815 statim
915 2762 1235 2815 ceremonias
1254 2762 1609 2828 neglexerunt,
1649 2763 1753 2812 imo
1772 2762 1866 2812 toti
1884 2762 1985 2827 legi

86 2840 268 2890 Mosis
286 2839 660 2905 valedixerunt,
701 2842 998 2906 patriaeque
1016 2841 1126 2891 iura
1147 2838 1417 2898 oblivioni,
1449 2845 1509 2890 ut
1529 2839 1678 2905 plane
1698 2837 1983 2905 superflua,

85 2915 426 2969 tradiderunt
461 2923 513 2968 et
547 2931 604 2968 se
641 2930 760 2967 cum
798 2918 978 2969 ceteris
1011 2914 1307 2968 nationibus
1334 2917 1627 2969 immiscere
1646 2916 1981 2982 inceperunt,

85 2998 147 3042 ut
175 3008 246 3044 ex
271 2993 476 3045 Hezdra
506 3002 556 3045 et
573 2994 816 3047 Nehemia
844 2996 971 3046 satis
1001 3008 1261 3061 superque
1280 2998 1497 3044 constat.
1571 2994 1743 3057 Quare
1760 3008 1863 3044 non
1883 2993 1986 3043 du-

83 3068 390 3134 biumest,
429 3072 554 3137 quin
585 3069 760 3123 Iudaei
788 3079 911 3138 post
933 3072 1246 3125 dissolutum
1272 3070 1548 3135 imperium
1566 3071 1677 3136 lege
1694 3072 1859 3123 Musis
1879 3084 1983 3119 non
