2350 3475
915 135 1055 185 car.
1083 153 1090 160 ·
1110 139 1175 186 11.
1362 157 1365 162 -
1910 135 1993 198 47

93 317 276 368 allatas
307 315 482 368 fuisse
498 355 511 377 ,
553 329 666 368 non·
683 329 804 369 vero
830 316 971 382 quod
997 317 1367 374 sintrationes:
1382 317 1703 370 universales
1725 319 1789 370 ad
1810 333 1994 372 omnes

8 429 11 468 Ξ
94 394 537 446 convincendum.
634 395 721 446 56.
776 395 881 446 Nec
917 393 1066 444 aliter
1101 393 1168 445 de
1204 393 1391 446 Christi
1432 395 1721 446 rationibus
1746 435 1759 458 ‚
1802 397 1994 462 quibus

92 473 407 522 Pharisaeos
440 473 797 522 contumaciae
827 479 876 522 et
901 472 1219 536 ignorantiae
1239 473 1496 523 convincit
1514 472 1907 538 discipulosque
1927 476 1991 525 ad

93 561 268 600 veram
297 549 458 598 vitam
497 548 756 608 hortatur,
797 549 1161 608 statuendum;
1206 548 1347 614 quod
1384 563 1571 616 nempe
1610 563 1735 602 suas
1770 552 1993 603 rationes

7 637 20 646 ·
94 624 439 690 opinionibus
469 633 520 676 et
548 626 814 691 principiis
843 626 1262 690 uniuscuiusque
1300 626 1717 678 accommodavit.
1744 616 1882 678 ''En
1914 643 1991 693 gr.

97 717 262 767 quum
283 701 588 754 Pharisaeis
607 703 734 754 dixit
753 704 894 764 (vide
913 702 1097 755 Matth.
1121 716 1237 768 cap.
1262 703 1347 756 12.
1369 717 1416 753 v.
1438 704 1584 766 264³
1620 709 1676 754 et
1701 707 1751 754 η·
1766 703 1995 756 Satanas

8 777 10 780 ’
95 780 361 830 Satanam
388 781 566 841 eiicit,
607 781 858 830 adversus
884 795 941 829 se
969 783 1141 846 ipsum
1169 779 1370 829 divi-ma
1398 785 1509 843 σείς
1544 782 1805 846 quomodo
1822 785 1997 847 igitur

97 863 242 907 stara
257 861 447 923 potest
459 871 686 921 regnum
706 860 858 906 eius?
891 857 1018 908 nihil
1043 857 1144 907 nisi
1163 855 1473 907 Pharisaeos
1500 870 1560 906 ex
1586 858 1701 930 suis
1728 860 1996 926 principiis

7 937 18 958 '
99 935 407 985 convincere
426 933 618 996 voluit,
661 947 764 984 non
787 941 960 985 autem
983 933 1166 984 docere
1181 972 1195 996 ,
1234 933 1344 984 dari
1374 933 1655 984 daemones
1676 943 1765 985 aut
1783 936 1996 1002 aliquod

98 1012 420 1062 daemonum
440 1025 678 1076 regnum.
752 1011 838 1061 Sic
867 1011 1018 1060 etiam
1051 1022 1217 1076 quum
1248 1010 1519 1076 discipulis
1546 1009 1671 1060 dixit
1696 1013 1885 1065 Matth.
1911 1015 1993 1066 18.

97 1103 145 1139 v.
167 1089 284 1140 to.:
325 1088 506 1138 aridem
529 1104 594 1138 ne
621 1090 968 1138 contemnatis
992 1101 1156 1136 unum
1190 1103 1261 1137 ex
1288 1091 1477 1154 par-vis
1508 1090 1659 1151 istis,-
1696 1089 1817 1140 dico
1852 1095 1997 1142 enim

96 1167 242 1216 vobis
273 1165 500 1230 angelos
518 1155 774 1216 eorum'in
791 1164 952 1214 coelis
969 1169 1070 1214 etc.
1083 1201 1100 1228 ‚
1142 1163 1271 1214 nihii
1296 1164 1432 1215 aliud
1460 1163 1643 1215 docere
1662 1165 1797 1228 vult,
1838 1182 1993 1233 quam

103 1257 168 1292 ne
185 1243 297 1292 sint
317 1240 535 1308 superbi
555 1249 607 1293 et
629 1257 694 1292 ne
714 1241 940 1306 aliquem
961 1246 1297 1292 contemnant
1312 1279 1327 1302 ,
1368 1255 1473 1290 non
1492 1255 1609 1292 vero
1629 1241 1821 1306 aliqua,
1862 1258 1996 1308 quae

8 1331 12 1356 r
99 1321 149 1368 in
172 1319 350 1385 ipsius
372 1319 660 1370 rationibus
674 1356 688 1380 ,
730 1331 877 1383 quas,
893 1324 1092 1368 tantum
1113 1315 1280 1367 adfert
1298 1316 1362 1368 ad
1383 1331 1493 1367 rem
1512 1317 1786 1382 discipu-lis
1806 1321 1995 1370 meiius

100 1395 552 1461 persuadendum,
589 1397 937 1446 continentur.
1013 1394 1098 1445 5⁷.
1137 1393 1283 1445 Idem
1303 1393 1530 1458 denique
1550 1393 1617 1444 de
1634 1395 1926 1446 rationibus⁴
1944 1405 1996 1447 et

101 1475 268 1538 signis
287 1473 645 1538 apostolorum
665 1471 904 1523 absolute
925 1471 1225 1532 dicendum,
1267 1484 1363 1522 nec
1382 1470 1445 1522 de
1464 1469 1546 1522 his
1567 1483 1703 1536 opus
1724 1478 1807 1522 est
1821 1472 1995 1525 casius

103 1549 266 1615 ioqui.
343 1551 473 1600 Nam
503 1551 548 1600 si
575 1549 703 1600 mihi
741 1548 1092 1601 enumeranda
1123 1554 1301 1600 essent
1332 1548 1826 1614 omnia-Scripturas
1860 1549 1992 1610 loca,

103 1639 232 1690 quae
255 1631 462 1677 tantum
483 1626 548 1676 ad
569 1625 832 1678 hominem
857 1627 966 1678 sive
983 1625 1050 1676 ad
1069 1632 1277 1692 captum
1296 1624 1517 1676 alicuius
1536 1625 1723 1692 scripta
1753 1633 1877 1677 sunt
1890 1664 1905 1688 ‚
1945 1633 1997 1677 et

103 1717 232 1769 quae
263 1717 371 1755 non
405 1705 518 1755 sine
561 1717 746 1769 magno
784 1702 1141 1770 philosophiae
1174 1703 1493 1770 praeiudicio
1535 1709 1785 1770 tanquam
1824 1703 1995 1755 divina

103 1782 334 1831 doctrina
356 1780 732 1843 defenduntur,
774 1795 802 1831 a
821 1780 1094 1842 brevitate,
1133 1782 1215 1831 cui
1238 1781 1443 1842 studeo,
1482 1780 1631 1846 longe
1652 1781 1993 1834 discederem.

103 1858 336 1909 Sufficiat
361 1858 546 1922 igitur,
588 1856 843 1923 quaedam
874 1869 1038 1923 pauca
1067 1865 1116 1907 et
1151 1857 1459 1908 universalia
1500 1858 1755 1923 attigisse,
1796 1860 2015 1925 reliqua'

104 1936 345 1985 curiosus
367 1933 526 1985 lector
543 1934 682 2000 apud
703 1948 762 1985 se
781 1934 1084 2000 perpendat.
1159 1936 1247 1985 58.
1286 1934 1480 1999 Verum
1498 1935 1637 1985 enim
1661 1950 1778 1987 vero
1797 1950 1995 2001 qnam—·

8 2008 10 2013 ’
102 2014 174 2061 vis
204 2012 336 2062 haee
364 2019 594 2073 tantum,
635 2022 768 2077 quae
797 2011 874 2062 de
911 2010 1255 2085 prophetis
1292 2017 1355 2061 et
1389 2010 1731 2077 prophetia
1767 2015 1991 2077 egimus,

8 2102 10 2141 ὴ
102 2088 163 2138 ad
192 2102 445 2154 scopum,
486 2090 550 2139 ad
582 2102 736 2155 quem
765 2087 1005 2149 intendo,
1027 2087 1319 2153 'praecipue
1350 2088 1664 2151 pertineant,
1704 2098 1891 2155 nempe
1929 2091 1993 2142 ad

103 2166 446 2230 separandam
467 2166 848 2232 philosophiam
867 2180 896 2215 a
917 2163 1169 2230 theologia
1186 2204 1200 2225 ,
1240 2171 1465 2215 attamen
1479 2202 1493 2225 ‚
1527 2165 1654 2229 >quia
1681 2166 1815 2222 lianc
1832 2182 1994 2231 quae-

101 2243 324 2293 stionem
345 2243 703 2295 universaliter
719 2243 880 2307 attigi,
919 2240 1064 2292 iubet
1081 2241 1251 2293 adhuc
1268 2242 1543 2306 inquirere,
1584 2256 1619 2291 n
1634 2255 1668 2292 u
1682 2256 1733 2292 m
1759 2244 1834 2294 do
1846 2258 1882 2294 n
1894 2258 1928 2293 u
1942 2259 1992 2294 m
2014 2280 2019 2283 -

8 2306 11 2333 '
101 2320 550 2386 propheticum
593 2318 910 2373 Hebraeis
955 2318 1209 2369 tantum'
1246 2318 1582 2385 peculiare
1632 2318 1867 2380 fuerit,
1918 2335 1991 2371 an

101 2410 242 2447 vero
280 2395 592 2447 omnihus·
619 2394 1004 2447 nationibus
1041 2409 1397 2457 commune;
1436 2404 1547 2446 tum
1576 2398 1731 2447 etiam
1763 2396 1890 2461 qnid
1918 2396 1993 2448 de

97 2474 442 2524 vocatione
477 2472 922 2534 Hebraeorum,
953 2471 1311 2534 statuendum,
1350 2472 1419 2524 de
1454 2471 1652 2539 quihus
1681 2474 1801 2525 vide
1838 2480 1993 2539 caput

8 2594 10 2599 .
101 2564 354 2615 sequens.

147 2685 330 2766 GAP.
369 2702 468 2766 iii,
557 2703 654 2764 De
689 2704 1094 2767 Hebraeorum
1134 2706 1471 2779 vocatione3
1523 2713 1585 2767 et
1620 2726 1696 2767 an
1730 2706 1971 2767 donum·

397 2796 806 2878 propheticum
845 2798 1140 2860 Hebraeis
1173 2798 1479 2881 peculiare
1517 2800 1707 2862 fuerit.

205 2936 340 2985 Vera
367 2933 588 2985 felicitas
605 2942 660 2985 et
673 2934 938 2986 beatitudo
955 2936 1375 3003 uniuscuiusque
1392 2936 1445 2987 in
1472 2936 1583 2987 sola
1602 2910 1725 2987 beni
1746 2936 1989 2989 fruitione

106 3012 368 3073 consistit,
408 3025 514 3065 non
543 3018 664 3063 vero
689 3013 742 3065 in
771 3026 834 3064 ea
862 3012 1047 3078 gioria,
1083 3012 1226 3079 quod
1252 3014 1397 3065 solus
1426 3014 1651 3074 scilicet,
1688 3020 1740 3065 et
1774 3014 1989 3079 reliquis

105 3089 344 3153 exclusis,
369 3088 506 3142 bono
527 3088 742 3141 fruatur.
783 3090 888 3173 Qui
907 3090 1048 3141 enim
1069 3104 1126 3142 se
1145 3098 1412 3158 propterea
1432 3090 1709 3143 beatiorem
1728 3092 1985 3152 aestimat,

698 3298 736 3321 Q
