2350 3475
365 119 396 178 1
410 119 484 180 1ss
753 119 1142 167 TRACTATUS
1178 118 1580 166 TflEoLofllco
1592 117 1843 163 -Pou‘r,

363 313 464 364 que
497 299 658 350 oratio
687 313 744 352 ex
773 314 875 350 usu
897 298 1098 363 linguae
1117 296 1385 350 admittere
1403 303 1602 363 potest,
1640 293 1951 362 eruendum)
1972 290 2069 344 hoc
2086 307 2247 360 posse

359 377 596 428 absolute
623 376 762 436 fieri;
806 389 968 440 quum
1001 376 1122 440 quia
1150 374 1275 425 haec
1306 375 1593 427 orationum
1626 374 1828 428 collatio
1856 387 1959 423 non
1988 371 2087 422 nisi
2119 385 2249 422 casu

361 457 642 506 orationem
671 452 893 516 aliquam
925 451 1178 502 illustrare
1215 457 1409 516 potest,
1449 451 1871 518 quandoquidem
1910 447 2085 498 nullus
2122 463 2249 514 pro-

357 531 510 597 pheta
539 545 599 580 eo
626 529 728 580 fine
758 529 988 594 scripsit,
1030 533 1089 577 ut
1114 527 1268 579 verba
1294 528 1503 580 alterius
1530 535 1621 580 aut
1645 542 1741 580 sua
1771 529 1887 594 ipsa
1914 539 1973 577 ex
2008 524 2248 592 professo

361 607 657 674 explicarem
698 612 808 656 tum
830 606 982 656 etiam
1004 604 1124 670 quia
1146 611 1374 656 mentem
1394 606 1551 656 unius
1571 604 1846 672 prophetae
1860 643 1874 666 ,
1905 601 2125 669 apostoli
2144 608 2245 652 etc.

359 699 417 734 ex
445 689 614 733 mente
641 681 852 732 alterius
881 680 1187 732 concludere
1218 695 1321 732 non
1350 697 1663 748 possumus,
1702 682 1803 732 nisi
1834 682 1889 732 in
1908 678 2065 732 rebus
2084 692 2245 730 usum

357 761 488 810 vitae
505 757 860 824 spectantibus
880 758 1086 820 (utiam
1107 758 1368 810 evidenter
1389 759 1757 827 ostendimus),
1778 763 1831 810 at
1848 771 1967 818 non,
1993 769 2159 822 quum
2180 754 2246 806 de

355 834 512 886 rebus
541 835 871 902 speculativis
901 835 1215 900 loquuntur,
1254 836 1361 886 sive
1397 851 1559 902 quum
1597 835 1843 887 miracula
1876 840 1967 886 ant
2002 833 2246 884 historias

354 918 583 963 narrant.
657 911 743 965 57.
782 914 1004 962 Possum
1026 919 1289 976 praeterea
1308 911 1403 962 boc
1417 952 1431 975 ,
1470 927 1656 978 nempe
1676 911 1815 977 quod
1834 911 2029 962 multae
2052 910 2249 962 oratio-

356 1002 450 1040 nes
479 987 862 1054 inexplicabiles
889 989 942 1039 in
973 989 1027 1038 S.
1061 989 1281 1054 Scriptis
1312 995 1611 1050 occurrunt,
1651 987 1969 1054 quibusdam
1996 987 2246 1054 exemplis

355 1065 656 1128 ostendere,
697 1065 788 1117 sed
817 1066 1297 1131 impraesentiarum
1329 1065 1391 1116 iis
1421 1065 1686 1116 lubentius
1714 1064 2058 1132 supersedeo,
2102 1072 2154 1116 et
2180 1064 2245 1114 ad

354 1142 572 1209 reliqua,
591 1157 722 1209 quae
743 1148 1039 1208 supersunt,
1065 1141 1309 1204 notanda,
1327 1144 1452 1208 quid
1478 1142 1673 1194 scilicet
1689 1142 1813 1192 haec
1830 1155 1945 1193 vera
1965 1139 2245 1192 methodus

355 1221 675 1287 Scripturam
706 1218 1074 1285 interpretandi
1105 1217 1419 1270 difficultatis
1458 1219 1624 1270 adhuc
1661 1217 1876 1280 habeat,
1915 1216 1995 1270 vel
2034 1217 2163 1282 quid
2191 1219 2243 1267 in

355 1297 472 1364 ipsa
491 1296 840 1358 desideretur,
881 1310 1110 1361 pergam.

461 1375 545 1425 58.
585 1374 762 1426 Oritur
798 1376 847 1423 in
887 1371 1130 1423 methodo
1167 1372 1265 1422 alia
1292 1380 1554 1438 praeterea
1583 1372 1857 1424 difficultas
1885 1387 1944 1424 ex
1971 1386 2059 1435 eo,
2103 1371 2245 1436 quod
2320 1365 2328 1380 '

354 1449 469 1516 ipsa
499 1451 766 1503 historiam
797 1449 1012 1500 casuum
1042 1449 1275 1500 omnium
1306 1450 1551 1502 librorum
1574 1451 1867 1516 scripturae
1884 1449 2059 1514 exigit,
2091 1448 2245 1500 cuius

354 1529 632 1580 maximam
659 1535 854 1593 partem
885 1528 1211 1592 ignoramus5
1254 1527 1535 1578 multorum
1564 1527 1701 1577 enim
1732 1525 1979 1576 librorum
2007 1531 2245 1576 auctores

353 1602 431 1654 vel
454 1603 527 1670 (si
549 1597 739 1669 mavis)
761 1604 1038 1666 scriptores
1056 1602 1136 1653 vel
1157 1617 1372 1668 prorsus
1392 1604 1686 1668 ignoramus
1699 1641 1713 1664 ,
1754 1602 1830 1654 vel
1852 1602 1916 1654 de
1934 1602 2121 1654 iisdem
2140 1602 2246 1653 du-

353 1678 608 1743 bitamus,
665 1686 726 1729 ut
763 1680 815 1728 in
856 1678 1199 1743 sequentibus
1236 1678 1353 1728 fuse
1390 1679 1754 1747 ostendam*).
1833 1679 2033 1730 Deinde
2070 1693 2244 1746 neque

355 1757 508 1807 etiam
527 1757 742 1818 scimuS,
765 1768 868 1821 qua
889 1756 1185 1817 occasione,
1211 1770 1381 1821 neque
1400 1770 1506 1821 quo
1526 1763 1753 1821 tempore
1771 1757 1824 1808 hi
1844 1756 1991 1819 libri,
2014 1770 2241 1823 quorum

355 1834 634 1899 scriptores
669 1834 1000 1897 ignoramus,
1041 1832 1219 1897 scripti
1258 1832 1483 1884 fuerunt.
1557 1835 1829 1885 Nescimus
1858 1841 2146 1901 praeterea,
2189 1834 2241 1884 in

355 1924 578 1975 quorum
612 1924 798 1961 manus
829 1907 944 1960 libri
973 1922 1153 1959 omnes
1184 1910 1482 1973 inciderint,
1522 1926 1693 1977 neque
1731 1912 1781 1961 in
1812 1926 2031 1977 quorum
2068 1924 2243 1963 exem-

353 1986 588 2053 plaribus
617 1993 692 2037 tot
722 1987 886 2037 variae
915 1985 1162 2037 lectiones
1201 1996 1430 2052 repertae
1468 1988 1600 2048 sint3
1643 2002 1737 2039 nec
1775 1987 1999 2053 denique
2034 2002 2099 2039 an
2136 2002 2241 2038 non

353 2063 532 2131 plures
559 2063 688 2114 aliae
717 2063 909 2115 fuerint
933 2062 1074 2128 apud
1107 2062 1238 2114 alios
1266 2064 1533 2116 lectiones.
1608 2065 1691 2116 59.
1732 2065 1870 2127 Quid
1908 2072 2079 2116 autem
2118 2065 2242 2115 haec

354 2141 526 2193 omnia
555 2142 688 2191 scire
709 2140 920 2202 referat,
952 2154 1050 2191 suo
1071 2141 1123 2190 in
1144 2140 1254 2191 loco
1272 2139 1489 2193 breviter
1506 2141 1753 2201 indicavi;
1796 2141 2049 2207 quaedam
2068 2148 2241 2193 tamen

353 2218 428 2269 ibi
447 2217 684 2279 consulto
705 2219 886 2278 omisi,
926 2230 1064 2282 quae
1083 2218 1183 2267 iam
1204 2215 1289 2268 hic
1308 2220 1519 2269 veniunt
1537 2218 1930 2270 consideranda.
2004 2220 2061 2269 Si
2082 2233 2239 2284 quem

353 2295 544 2347 librum
573 2308 656 2346 res
687 2293 1016 2346 incredibiles
1044 2302 1132 2344 aut
1151 2294 1585 2361 imperceptibiles
1608 2295 1987 2358 continentem,
2024 2296 2105 2347 vel
2135 2304 2240 2347 ter—

353 2374 511 2423 minis
529 2371 808 2423 admodum
829 2372 1065 2421 obscuris
1085 2371 1334 2435 scriptum
1348 2409 1365 2436 ‚
1393 2372 1631 2438 legimus,
1657 2386 1827 2437 neque
1848 2375 1961 2423 eius
1980 2380 2238 2425 auctorem

355 2450 617 2510 novimuS,
653 2462 818 2513 neque
849 2448 1000 2498 etiam
1031 2461 1136 2513 quo
1166 2453 1395 2513 tempore
1423 2456 1474 2498 et
1508 2463 1612 2514 qua
1648 2450 1916 2501 occasione
1954 2451 2237 2516 scripserit,

351 2525 544 2576 frustra
585 2525 650 2576 de
687 2526 801 2575 eius
836 2538 953 2575 vero
988 2538 1151 2576 sensu
1192 2525 1433 2575 certiores
1468 2523 1583 2575 fieri
1620 2525 1943 2579 conabimur.
2016 2528 2101 2580 6⁰.
2141 2528 2239 2577 His

345 2603 490 2652 enim
513 2601 760 2653 omnibus
781 2600 1053 2666 ignoratis,
1085 2601 1297 2652 minime
1318 2602 1447 2653 scire
1468 2615 1774 2667 possumuS,
1810 2602 1938 2669 qnid
1956 2612 2137 2654 auctor
2156 2604 2239 2654 in—
2327 2654 2328 2657 ,

353 2677 577 2729 tendet-it
603 2687 690 2730 aut
720 2676 986 2729 intendere
1013 2678 1261 2743 potuerit;
1302 2692 1466 2743 quum
1495 2688 1669 2731 contra
1705 2680 1788 2732 his
1823 2680 1983 2747 probe
2018 2682 2237 2745 cognitis

353 2762 557 2805 nostras
575 2756 907 2823 cogitationes
929 2754 996 2805 ita
1018 2753 1421 2807 determinamus
1436 2794 1450 2817 ,
1498 2763 1559 2809 ut
1587 2756 1728 2810 nullo
1754 2758 2070 2823 praeiudicio
2089 2772 2240 2823 prae-

353 2844 692 2897 occupemur,
731 2847 796 2884 ne
833 2832 1031 2883 scilicet
1066 2833 1291 2893 auctori,
1331 2831 1411 2883 vel
1438 2834 1513 2895 ei,
1554 2835 1608 2884 in
1638 2834 1791 2885 cuius
1820 2836 2033 2900 gratiam
2062 2842 2241 2886 auctor

352 2908 587 2973 scripsit,
625 2908 747 2974 plus
777 2910 1014 2961 minusve
1040 2910 1179 2961 iusto
1209 2908 1500 2961 tribuamus
1517 2951 1531 2973 ,
1570 2918 1621 2962 et
1639 2926 1703 2963 ne
1724 2910 1788 2963 de
1807 2911 1927 2963 ullis
1947 2911 2062 2962 aliis
2083 2909 2239 2963 rebus

389 3050 392 3052 Δ
454 3077 492 3128 ·)
528 3075 628 3119 Vid.
649 3086 753 3131 cap.
773 3078 814 3118 8.
838 3083 885 3122 et
903 3081 970 3123 ιο.

2327 989 2328 1002 ³

2315 1068 2329 1358 l
