2350 3475
375 112 492 172 198
770 111 1160 162 'ritac'rATus
1199 111 1600 160 TuEeLefllco
1611 137 1631 148 -
1640 109 1852 157 PoLl‘r.

466 293 555 348 23.
593 294 690 346 111.
727 292 966 358 Denique
991 304 1245 342 manare
1272 289 1427 342 debet
1448 289 1579 340 haec
1606 289 1831 340 historia
1849 301 2005 340 cmm
2022 291 2279 340 omnium

367 370 1044 437 librommprophetamm,
1084 357 1308 433 ‘quorum
1328 366 1576 418 memoria
1594 365 1850 431 apudnos
1870 371 1977 424 est;
2018 365 2278 417 videlicet

365 449 556 511 eitam,
594 462 766 498 morer
791 460 858 496 ac
880 445 1062 496 studia
1098 446 1336 496 auctor-ia
1370 445 1783 508 uniuscuiusque
1818 442 1969 506 libr-i,
2008 443 2275 507 quisnam

365 524 548 586 fuerit,
589 539 690 588 qua
721 522 1020 584 occasione,
1058 535 1162 587 quo
1195 528 1449 587 tempore,
1490 521 1572 570 cui
1604 527 1655 570 et
1678 518 1905 584 deniqne
1940 534 2045 584 qua
2083 520 2276 586 lingna

366 601 654 667 scripserim
701 598 891 651 deinde
937 599 1347 666 uniuscuiusque
1384 599 1511 648 libri
1528 597 1844 661 fortunam,
1895 610 2085 661 nempe
2120 612 2278 662 quo-

364 677 518 729 modo
539 677 688 743 prius
709 690 862 742 accep
873 681 957 728 tus
975 674 1146 737 fuerit,
1184 677 1309 726 etin
1329 689 1551 739 quorum
1570 687 1756 725 manus
1778 673 2041 735 inciderit,
2068 673 2275 726 deinde

365 759 490 819 quot
517 753 630 804 eius
657 755 823 806 variae
852 752 1099 804 lectiones
1119 751 1341 813 fuerint,
1378 759 1428 802 et
1448 765 1669 817 quorum
1690 751 1905 802 consilio
1924 751 2058 802 inter
2074 765 2274 802 sacros

363 836 605 896 acceptus
633 829 818 892 fuerit,
857 837 908 882 et
936 829 1161 894 denique
1192 827 1453 894 quomodo
1490 842 1671 880 omnes
1706 827 1852 892 libri,
1896 840 2029 893 qnos
2066 841 2273 880 omnes

363 908 464 958 iam
504 920 679 959 sacros
719 921 836 958 esse
883 907 1132 967 fatentur,
1190 907 1242 956 in
1290 918 1455 956 unum
1502 920 1691 973 corpus
1734 905 2037 957 coaluerint.
2110 906 2275 957 Haec
2341 973 2342 976 Ἴ

365 986 562 1049 omnia,
604 985 852 1049 inquam,
889 983 1104 1034 historia
1123 983 1415 1048 §erip-turae
1441 984 1687 1035 continet.
1758 983 1847 1036 24.
1882 983 2015 1034 Nam
2033 988 2096 1032 ut
2116 985 2273 1034 scia-
2340 977 2342 986 ³

363 1077 514 1123 mus,
552 1074 810 1127 quaenam
839 1061 1124 1112 sententiae
1157 1067 1405 1124 tanquam
1432 1058 1575 1126 leges
1603 1058 1956 1126 proferantur,
1994 1072 2269 1125 quaenam

365 1153 480 1190 vero
509 1146 756 1204 tanquam
786 1137 1096 1190 documenta
1131 1136 1373 1198 moralia,
1413 1136 1567 1187 refert
1600 1137 1731 1186 scire
1765 1137 1947 1198 vitam,
1984 1149 2163 1188 mores
2205 1151 2271 1188 ac

363 1215 535 1266 studia
570 1216 826 1274 auctoris;
865 1213 998 1266 adde
1035 1213 1176 1280 quod
1212 1227 1273 1264 eo
1315 1213 1520 1264 facilius
1558 1211 1710 1264 verba
1746 1213 1967 1264 alicuius
2002 1212 2267 1279 explicare
2341 1219 2342 1238 ³

361 1301 646 1356 possumus
667 1331 682 1354 ,
740 1305 846 1358 quo
891 1291 1004 1342 eius
1051 1291 1262 1355 genium
1306 1297 1359 1342 et
1403 1291 1663 1356 ingenium
1710 1290 1899 1342 melius
1936 1290 2265 1342 noverimus,
2341 1349 2342 1352 Ἴ

262 1391 268 1399 ·
361 1368 562 1420 Deinde
587 1383 654 1420 ne
683 1369 996 1420 documenta
1023 1373 1229 1419 aeterna
1256 1381 1376 1419 cum
1405 1368 1501 1428 iis,
1540 1381 1673 1432 quae
1702 1367 1769 1419 ad
1806 1375 2010 1432 tempus
2048 1373 2267 1418 tantum
2341 1367 2342 1384 ²

363 1445 440 1498 vel
461 1447 644 1511 paucis
663 1446 996 1500 solummodo
1014 1459 1075 1497 ex
1093 1459 1195 1498 usu
1216 1451 1453 1511 poterant
1472 1458 1589 1496 esse
1602 1484 1617 1508 ,
1656 1444 2039 1496 confundamus
2055 1483 2071 1507 ,
2100 1445 2267 1496 refert

360 1523 513 1574 etiam
551 1523 681 1574 scire
717 1537 823 1589 qua
858 1523 1156 1582 occasione,
1196 1535 1301 1586 quo
1341 1529 1569 1588 tempore
1596 1529 1647 1573 et
1674 1523 1758 1573 cui
1787 1522 1980 1574 nationi
2008 1527 2101 1572 aut
2136 1532 2265 1574 sae-
2341 1525 2342 1528 ’

362 1598 478 1650 culo
507 1600 680 1650 omnia
709 1598 1021 1657 documenta
1049 1599 1239 1664 scripta
1268 1597 1479 1650 fuerint.
1552 1601 1641 1655 25.
1680 1597 1857 1650 Refert
1874 1598 2103 1665 denique
2122 1599 2261 1650 reli-

363 1689 493 1739 qua,
543 1689 678 1740 quae
715 1673 975 1743 praeterea
1011 1673 1267 1739 diximus,
1316 1675 1475 1737 scire,
1512 1680 1573 1726 ut
1606 1683 1807 1743 praeter
1842 1675 1957 1728 libri
1994 1676 2259 1742 cuiusque

361 1752 713 1804 auctoritatem
730 1790 747 1814 ,
771 1754 942 1813 ⁴etiam
971 1752 1229 1813 sciamus,
1273 1766 1400 1803 num
1426 1752 1493 1802 ab
1521 1752 1829 1805 adulterinis
1858 1753 2102 1808 menibus
2120 1768 2259 1806 con-

361 1830 592 1893 spurcari
627 1832 883 1895 potuerit,
933 1844 999 1880 an
1035 1830 1241 1888 minus;
1295 1842 1421 1881 num
1460 1843 1657 1882 errores
1694 1832 2015 1899 irrepserint,
2056 1846 2187 1886 num
2228 1848 2257 1883 a
2341 1832 2342 1865 ἒ

359 1905 484 1955 viris
519 1906 649 1957 satis
687 1908 864 1972 peritis
901 1913 952 1958 et
985 1904 1088 1957 fide
1125 1904 1301 1970 dignis
1336 1907 1549 1957 correcti
1596 1906 1803 1959 fuerint.
1886 1909 2031 1971 Quae
2078 1911 2257 1960 omnia

359 1982 495 2033 scitu
527 1981 813 2035 admodum
851 1983 1141 2035 necessaria
1175 1990 1327 2044 sunt,
1377 1992 1437 2035 ut
1470 1996 1542 2040 ne,
1572 1996 1726 2035 coeco
1769 1986 1967 2051 impetu
2006 1989 2254 2051 correpti,

361 2059 612 2125 quicquid
639 2060 792 2113 nobis
823 2059 1140 2122 obtruditur,
1182 2060 1277 2113 sed
1300 2068 1497 2113 tantum
1516 2060 1571 2111 id
1591 2060 1731 2127 quod
1750 2069 1947 2113 certum
1968 2070 2019 2113 et
2034 2061 2257 2114 indubi-

357 2142 520 2187 tatum
541 2144 648 2197 est,
685 2137 1079 2203 amplectamur.

460 2213 549 2268 26.
587 2215 699 2265 Iam
729 2222 1007 2281 postquam
1038 2215 1171 2267 hanc
1200 2214 1467 2266 historiam
1498 2214 1791 2282 scripturae
1828 2214 2169 2267 habuerimus
2202 2224 2255 2267 et

357 2290 570 2343 firmiter
587 2291 982 2353 decreverimuS,
1001 2292 1130 2343 nihil
1149 2299 1399 2358 tanquam
1420 2291 1705 2343 doctrinam
1727 2292 2253 2358 prophetarumcerto

357 2375 580 2421 statuere
597 2407 611 2431 ‚
653 2369 794 2434 quod
815 2382 872 2419 ex
891 2368 986 2419 hac
1005 2368 1219 2420 historia
1238 2382 1343 2419 non
1364 2376 1637 2434 sequatur,
1678 2375 1767 2419 aut
1786 2384 1941 2435 quam
1962 2369 2252 2421 clarissime
2341 2410 2342 2413 η

357 2444 608 2507 eliciatur,
645 2453 756 2496 tum
781 2454 986 2511 tempus
1005 2448 1118 2507 erit,
1150 2451 1211 2497 ut
1231 2445 1541 2497 adunantem
1556 2447 1939 2513 prophetarem
1957 2450 2011 2495 et
2025 2449 2256 2511 spiritur

353 2526 528 2573 saneti
543 2522 970 2593 investigandam
989 2537 1085 2575 nos
1106 2522 1459 2589 accingamus.
1532 2522 1635 2573 Sed
1664 2522 1728 2573 ad
1748 2521 1846 2573 hoc
1864 2523 2017 2573 etiam
2042 2522 2253 2573 metho-

356 2598 455 2651 dus
473 2607 526 2649 et
543 2598 670 2650 ordo
689 2600 970 2665 requiritur
989 2600 1174 2651 similis
1196 2601 1272 2661 ei,
1311 2613 1417 2664 quo
1447 2597 1514 2650 ad
1540 2600 2015 2665 interpretationem
2034 2606 2251 2651 naturae

355 2688 414 2725 ex
441 2676 608 2741 ipsius
639 2674 852 2727 historia
881 2678 1096 2727 utimur.
1186 2677 1275 2731 27.
1315 2676 1478 2727 Sicuti
1509 2676 1649 2727 enim
1676 2676 1731 2727 in
1760 2675 2059 2727 scrutandis
2088 2674 2251 2727 rebus

355 2751 676 2804 naturalibus
704 2760 822 2805 ante
850 2754 1024 2805 omnia
1043 2754 1347 2819 investigare
1368 2766 1615 2805 conamur
1634 2766 1716 2803 res
1736 2753 1957 2805 maxime
1976 2753 2253 2804 universa-

352 2828 430 2879 les
449 2836 500 2880 et
519 2831 606 2880 toti
627 2836 838 2882 naturae
859 2844 1180 2892 communeS‚
1214 2829 1446 2883 videlicet
1470 2837 1667 2881 motum
1688 2836 1739 2880 et
1756 2830 2003 2896 quietem,
2032 2843 2255 2881 eorum-

353 2920 462 2971 que.
492 2904 630 2971 leges
665 2913 720 2957 et
758 2906 992 2971 regulas,
1030 2921 1162 2972 quas
1201 2915 1382 2959 natura
1420 2922 1627 2973 semper
1655 2906 1887 2958 observat
1915 2914 1967 2957 et
1993 2920 2089 2972 per
2116 2922 2251 2972 quas

352 2982 595 3033 continuo
624 2983 755 3048 agit,
794 2990 844 3033 et
871 2996 930 3034 ex
957 2982 1042 3035 his
1069 2984 1317 3047 gradatim
1338 2985 1401 3035 ad
1424 2986 1521 3037 alia
1538 2986 1713 3036 minus
1736 2984 2042 3037 universalia
2062 2998 2253 3051 proce—

353 3060 552 3121 dimus;
591 3059 668 3110 sic
697 3060 848 3111 etiam
881 3074 940 3111 ex
965 3060 1176 3113 historia
1208 3062 1503 3130 scripturae
1532 3062 1585 3113 id
1618 3062 1844 3129 primum
1862 3061 2247 3129 quaerendum,
