2350 3475
393 113 420 168 ι
437 110 512 182 ις)
781 111 1172 160 ΤιιΑοΤΑτυε
1207 99 1609 160 ’τηειοιοοιοο
1623 113 1867 160 mour.

385 291 472 342 illi
497 294 659 342 etiam
687 291 940 352 alteram,
979 297 1028 341 et
1057 305 1189 355 quae
1217 290 1403 342 deinde
1432 296 1740 355 sequuntur.
1814 290 1869 342 Si
1888 289 2014 344 baec
2034 292 2280 346 Christus

386 377 631 436 tanquam
669 368 930 433 legislator
962 366 1160 420 iudices
1198 366 1425 430 iuberet,
1467 367 1632 432 legem
1666 368 1833 420 Mosis
1873 369 1965 420 hoc
2002 381 2279 439 praecepto
2335 405 2336 440 l

385 445 752 504 destruxisset3
811 443 952 509 quod
1000 451 1166 496 tomen
1214 451 1387 500 contra
1432 451 1602 509 operte
1650 452 1843 495 monet.
1917 447 2047 500 Vide
2084 449 2275 500 Matth.

385 537 498 588 cap.
523 523 572 572 5.
592 535 727 574 vers.
751 521 836 572 17.
910 520 1082 581 Quare
1108 520 1421 582 videndum,
1459 521 1701 585 quisnam
1730 521 1855 572 haec
1880 522 2034 584 dixit,
2076 525 2276 590 quibus
2335 553 2336 570 l

383 606 438 650 et
464 613 568 664 quo
609 603 858 662 tempore.
931 596 1018 651 32.
1056 599 1253 664 Nempe
1290 597 1525 651 Christus
1562 597 1712 661 dixit,
1752 599 1845 664 qui
1881 615 1987 652 non
2024 609 2275 668 tanquam
2335 653 2336 656 ,

383 675 644 740 legislator
680 674 816 738 leges
851 673 1182 736 instituebat,
1240 674 1332 726 sed
1370 681 1428 725 ut
1462 674 1640 726 doctor
1676 674 1987 728 documenta
2022 677 2271 740 docebat;

383 752 502 816 quia
531 749 617 812 (ut
643 764 803 817 supra
821 751 868 812 ¹)
899 750 1255 818 ostendimus)
1285 765 1391 802 non
1423 758 1526 803 tam
1554 753 1781 812 actiones
1810 760 2069 814 externaS,
2112 770 2275 820 quam

382 827 615 879 animum
636 827 890 892 corrigere
907 825 1086 878 voluit.
1152 828 1353 880 Deinde
1372 827 1496 878 haec
1516 827 1815 880 hominibus
1837 833 2102 896 oppressis
2122 833 2268 893 dixit,
2335 849 2336 886 1

381 903 473 969 qui
500 901 734 955 vivebant
763 904 816 956 in
848 903 1110 971 republica
1139 911 1378 970 corrupte
1405 912 1455 956 ct
1481 905 1572 956 ubi
1592 907 1786 957 iustitia
1807 921 2021 972 prorsus
2041 909 2277 974 neglige-

379 980 532 1033 batur
565 987 617 1031 et
654 981 804 1032 cuius
840 981 1044 1032 ruinam
1079 996 1241 1048 prope
1277 983 1467 1034 instare
1504 981 1725 1034 videbat.
1793 983 1959 1049 Atqui
1998 984 2095 1036 hoc
2132 986 2275 1038 idem

379 1058 586 1123 ipsum,
625 1057 766 1122 quod
796 1057 880 1108 hic
909 1057 1142 1110 Christus
1172 1061 1395 1112 instante
1425 1059 1577 1110 Urbis
1604 1061 1753 1110 ruina
1782 1060 1958 1123 docet,
1997 1064 2275 1115 Ieremiem
2335 1089 2336 1112 ;

381 1135 536 1185 etiam
572 1134 625 1185 in
662 1135 827 1200 prima
857 1133 1011 1201 Urbis
1047 1137 1353 1199 vastatione,
1398 1137 1557 1189 simili
1594 1137 1843 1188 nimirum
1871 1146 2135 1204 tempore,
2176 1141 2275 1192 do·-
2335 1133 2336 1136 ’

379 1212 551 1264 cuisse
569 1211 826 1265 videmus.
865 1212 995 1264 Vide
1013 1214 1253 1266 Lament.
1274 1213 1453 1279 cavp.3.
1477 1214 1551 1265 lit.
1562 1215 1657 1264 Tet
1676 1221 1725 1266 et
1740 1216 1825 1264 Jot
1840 1215 1913 1279 ²).
1988 1215 2073 1266 33.
2098 1217 2275 1280 Quare

381 1303 544 1353 quum
565 1283 662 1340 hoc
681 1303 786 1340 non
809 1289 912 1342 nisi
931 1295 1160 1354 tempore
1182 1291 1536 1358 oppressionis
1556 1291 1825 1344 docuerint
1843 1290 2153 1357 prophetae,
2178 1309 2275 1346 nec

377 1365 430 1416 id
452 1365 598 1416 ullibi
619 1372 868 1432 tanquam
889 1366 968 1418 lex
993 1367 1251 1433 prolatum
1272 1367 1368 1428 sit,
1410 1373 1461 1417 et
1479 1375 1655 1418 contra
1672 1369 1851 1420 Moses
1872 1369 1984 1433 (qui
2007 1383 2113 1420 non
2133 1377 2274 1422 tem-

378 1456 502 1508 pore
521 1443 878 1509 oppressionis
897 1443 1134 1510 scripsit,
1175 1444 1270 1496 scd
1284 1483 1300 1505 ,
1338 1452 1391 1496 et
1406 1443 1504 1495 hoc
1522 1450 1669 1506 nota,
1708 1445 1773 1496 dc
1792 1445 2116 1499 instituendo
2134 1445 2274 1499 bona
2335 1483 2336 1486 η

377 1517 644 1584 republica
670 1518 946 1588 laboravit)
977 1521 1215 1586 quamvis
1243 1522 1396 1572 etiam
1424 1521 1695 1572 vindictam
1728 1527 1779 1574 et
1808 1520 1985 1573 odium
2013 1523 2065 1574 in
2100 1525 2275 1588 proxi-

379 1609 529 1646 mum
564 1594 910 1656 damnaverit,
947 1601 1117 1648 tamen
1156 1596 1367 1650 iusserit
1402 1597 1611 1648 oculum
1649 1612 1741 1664 pro
1779 1597 1929 1650 oculo
1966 1598 2163 1653 solvere
2182 1600 2268 1667 ³);

378 1671 498 1722 hinc
529 1670 816 1724 clarissime
845 1673 1109 1739 sequitur,
1151 1688 1213 1725 ex
1238 1674 1368 1740 ipsis
1395 1673 1523 1725 solis
1560 1675 1855 1741 scripturae
1890 1675 2269 1740 fundamentis,

379 1748 476 1801 hoc
497 1748 688 1801 Christi
716 1756 767 1800 ct
783 1750 1030 1801 Ieremiae
1049 1749 1421 1801 documentum
1444 1751 1507 1802 de
1528 1752 1791 1804 toleranda
1809 1753 1999 1804 iniuria
2019 1761 2073 1809 et
2091 1754 2273 1821 impiis

378 1826 433 1875 iu
453 1823 698 1877 omnibus
718 1825 1066 1889 concedendo,
1090 1827 1263 1879 locum
1284 1833 1485 1879 tentum
1505 1828 1692 1881 habere
1712 1831 1762 1879 in
1783 1829 1933 1894 locis,
1956 1829 2049 1882 ubi
2068 1832 2270 1885 iustitia

380 1899 682 1967 negligitur,
720 1909 774 1953 et
792 1902 1114 1969 temporibus
1133 1905 1514 1969 oppressionis,
1554 1921 1657 1957 non
1679 1914 1851 1959 sutem
1874 1908 1925 1959 in
1946 1904 2085 1959 hona
2104 1922 2271 1974 repu-

377 1976 539 2029 blica:
581 1978 888 2045 quinimoin
907 1978 1042 2031 bona
1062 1980 1345 2047 republica,
1386 1982 1477 2033 ubi
1494 1983 1693 2035 iustitia
1710 1982 2030 2045 defenditur,
2062 1992 2271 2037 tenetur
2335 2022 2336 2035 ,

377 2056 773 2123 unusquisque,
811 2056 858 2107 si
887 2070 946 2108 se
972 2058 1081 2110 vult
1109 2057 1368 2123 perhiberi
1395 2059 1615 2120 iustum,
1656 2060 1873 2113 iniurias
1900 2074 2073 2111 coram
2090 2062 2269 2115 iudice

2334 2064 2336 2123 ¹

379 2132 574 2197 exigere
604 2132 748 2199 (vide
776 2134 939 2185 Levit.
961 2147 1074 2200 cap.
1099 2137 1149 2187 5.
1181 2150 1313 2187 ναι-ε.
1337 2136 1414 2199 1.)
1444 2150 1549 2187 nou
1578 2143 1786 2201 propter
1813 2138 2091 2189 vindictum
2122 2140 2267 2204 (vide
2335 2152 2336 2175 ἢ

376 2209 538 2261 Levit.
563 2222 674 2274 cap.
691 2211 776 2261 19.
797 2224 930 2262 vers·
947 2210 1187 2275 17.18.),
1229 2213 1319 2263 sed
1340 2212 1514 2263 animo
1534 2213 1783 2265 iustitiam
1804 2214 2047 2279 legesque
2066 2218 2265 2281 patriae

379 2284 716 2349 defendendi,
757 2292 808 2337 et
825 2293 882 2337 ut
901 2301 967 2338 ne
984 2288 1134 2339 malis
1155 2288 1390 2355 expediat
1408 2303 1521 2343 esse
1540 2288 1723 2342 malos.
1796 2290 1881 2341 34.
1922 2290 2069 2353 Quae
2088 2294 2262 2345 omnia

378 2364 532 2417 etiam
563 2377 683 2415 cum
712 2364 906 2415 ratione
934 2364 1151 2416 naturali
1182 2366 1334 2431 plane
1362 2366 1693 2418 conveniunt.
1763 2365 1853 2417 Ad
1878 2366 2018 2419 huuc
2042 2369 2258 2424 modum

377 2440 475 2491 alia
501 2438 649 2505 plura
679 2454 887 2506 possem
917 2440 1118 2491 adferre
1147 2442 1402 2508 exempla,
1442 2442 1537 2493 sed
1562 2441 1687 2496 haec
1708 2443 1939 2495 sufficere
1958 2442 2179 2498 arbitror
2195 2447 2257 2499 ad

377 2528 546 2567 meam
585 2524 806 2569 mentem
847 2524 896 2567 et
930 2517 1201 2568 utilitatem
1238 2517 1396 2571 huius
1432 2517 1659 2571 methodi
1698 2520 2073 2585 explicandam,
2118 2524 2255 2588 quod

379 2593 854 2658 impraesentiarum
874 2598 1074 2645 tantum
1095 2608 1238 2645 curo.
1310 2594 1381 2645 At
1400 2594 1673 2661 bucusque
1692 2611 1778 2647 eas
1798 2604 2001 2649 tantum
2023 2600 2256 2665 Scriptu-
2335 2616 2336 2621 ¹

379 2682 464 2719 rae
495 2671 774 2723 sententias
801 2672 1107 2736 investigare
1136 2670 1435 2732 docuimus,
1477 2687 1609 2738 quae
1629 2687 1784 2725 usum
1805 2675 1934 2725 vilae
1954 2682 2190 2741 spectant
2209 2684 2255 2727 et

379 2760 512 2810 quae
531 2754 796 2813 propterea
815 2747 1016 2799 facilius
1034 2748 1327 2813 investigari
1348 2756 1573 2813 queunt;
1614 2764 1734 2801 nam
1755 2764 1925 2803 revera
1948 2751 2011 2811 de
2029 2749 2095 2802 iis
2114 2752 2255 2803 nulla
2335 2734 2336 2771 ³

480 2951 523 3002 1)
557 2948 656 2994 vid.
679 2959 781 3002 cap.
799 2948 840 2989 ⁵.
859 2949 900 3000 ς.
922 2950 961 2989 8.
982 2948 1023 2991 9.

478 3010 522 3060 2)
560 3008 590 3049 i.
613 3019 654 3051 e.
677 3007 847 3051 Thren.
869 3019 970 3062 cap.
990 3010 1030 3049 3.
1052 3021 1094 3051 v.
1115 3010 1285 3051 25—80.

479 3068 522 3119 3)
550 3066 649 3109 vid.
672 3066 814 3109 Exod.
835 3068 901 3121 21,
922 3069 988 3109 24.
1026 3068 1168 3113 Levit.
1190 3072 1258 3127 24,
1277 3072 1344 3119 20,

2326 2398 2337 2427 4
