2350 3475
881 81 1020 124 cat».
1075 79 1139 124 ΙΙ.
1870 93 1953 151 43

59 287 150 340 cap.
175 273 270 326 17.
291 287 342 324 v.
361 273 460 326 25.
481 275 572 329 26.
595 279 693 324 etc.
739 273 854 328 ,40.
873 268 943 324 Et
955 272 1203 336 Iacobum,
1226 288 1285 324 ex
1301 272 1454 324 Abon
1474 274 1670 342 Hem-ae
1691 274 1951 340 opinione,

61 351 166 401 dixit
193 357 482 417 propterea
511 349 661 414 filiis,
700 346 794 401 nbi
823 351 1040 421 patriam
1072 359 1243 417 petere
1261 351 1447 414 voluit,
1486 357 1546 401 ut
1563 365 1619 401 se
1638 365 1769 402 novo
1788 351 1950 402 cultui

61 435 452 495 praepararent,
491 434 548 478 et
575 427 703 480 deos
733 426 958 487 alienos,
997 426 1094 478 hoc
1124 435 1203 479 est
1230 428 1429 479 cultum
1450 428 1663 481 deorum
1683 426 1825 479 iilius
1846 435 1955 478 ter-

63 519 154 566 rae,
195 507 254 556 in
289 520 404 571 qua
439 505 550 556 turn
581 511 758 568 erant,
797 504 1132 570 deponerent.
1204 503 1337 556 Vide
1356 505 1489 556 Gen.
1510 518 1625 571 cap.
1648 505 1733 556 35.
1756 517 1805 554 v.
1825 506 1877 556 2.
1900 504 1953 554 3.

63 583 222 638 David,
251 585 450 644 etiam,
488 587 550 632 ut
587 583 746 634 Saulo
780 581 999 643 diceret,
1049 597 1105 632 se
1143 588 1355 648 propter
1390 583 1505 632 eius
1544 579 1953 650 ‘persecutionem

65 669 288 710 eoactum
317 673 475 718 esse,
519 665 655 710 extra
683 659 900 725 patriam
931 659 1121 720 vivere,
1159 657 1315 721 dixit,
1352 672 1411 709 se
1446 657 1513 710 ab
1550 657 1829 710 hereditate
1858 658 1956 709 Dei

67 737 232 802 expelii
253 743 308 789 et
327 735 396 787 ad
419 735 552 786 alios
575 735 702 786 deos
730 734 973 786 colendos
1005 735 1158 786 mitti.
1230 734 1362 786 Vide
1383 735 1519 787 Sam.
1540 734 1633 786 lib.
1660 737 1711 786 1.
1728 749 1845 800 cap.
1866 736 1954 786 26.

67 827 102 862 ι.
119 814 200 863 1⁹.
277 813 372 864 41.
395 812 638 876 Denique
657 811 892 871 credidit,
916 811 1012 863 hoe
1029 825 1122 862 ens
1143 811 1252 863 sive
1271 813 1439 862 Deum
1460 825 1617 864 suum
1640 809 1956 862 domicilium

69 889 106 938 in
129 890 288 940 coelis
307 888 508 940 habere
531 887 670 954 (vide
691 889 846 938 Dent.
871 901 984 953 cap.
1006 887 1092 938 33.
1114 902 1161 938 v.
1182 889 1271 940 26.
1292 889 1439 956 27.);
1478 902 1612 954 quae
1632 889 1807 954 opinio
1824 891 1959 940 inter

69 967 290 1016 ethnicos
311 966 744 1030 frequentissima
766 965 882 1014 fuit.
958 965 1012 1015 Si
1043 965 1145 1016 iam
1165 963 1231 1016 ad
1253 967 1419 1018 Musis
1439 966 1769 1017 revelationes
1790 973 1959 1017 atten-

69 1041 272 1104 damus,
315 1056 412 1094 eas
448 1041 592 1092 hisce
621 1041 953 1107 opinionibus
982 1042 1399 1094 accommodatas
1428 1043 1593 1094 fuisse
1614 1043 1953 1108 reperiemus,

69 1119 184 1168 Nam
205 1118 336 1183 quia
357 1117 604 1168 credebat
620 1119 714 1169 Dei
735 1125 969 1170 naturam
997 1118 1114 1170 illas
1124 1157 1141 1183 ,
1184 1134 1315 1184 quas
1342 1114 1596 1184 diximuS,
1638 1121 1744 1184 pati
1773 1119 1959 1184 condi-

69 1197 252 1256 tiones»,
295 1209 521 1260 nempe,
561 1195 994 1258 misericordiam,
1033 1194 1406 1260 benignitatem
1428 1203 1555 1257 etc„
1596 1195 1711 1247 ideo
1728 1197 1871 1247 Deus
1892 1195 1957 1246 ad

58 1271 188 1322 :hanc
226 1273 346 1322 eius
391 1271 694 1336 opinionem
731 1279 784 1322 et
817 1271 921 1324 sub
957 1272 1098 1324 hisce
1135 1272 1395 1324 attributis
1424 1274 1525 1338 ipsi
1556 1273 1807 1323 revelatus
1838 1272 1953 1324 fuit.

58 1349 184 1398 ‚Vide
207 1347 380 1400 Exodi
397 1361 516 1413 cap.
537 1348 624 1401 34.
645 1363 693 1400 v.
717 1349 768 1399 6.
793 1348 845 1400 7.
863 1388 877 1410 ,
917 1347 1007 1400 ubi
1029 1357 1281 1413 narratur,
1320 1361 1423 1414 qua
1442 1349 1639 1400 ratione
1654 1350 1798 1400 Deus
1817 1349 1955 1398 Masi

69 1426 325 1490 apparuit,
361 1430 416 1474 et
434 1423 664 1494 decalogi
685 1424 871 1489 (Exod.
893 1426 1132 1491 eap.20.)
1151 1439 1200 1478 v.
1217 1429 1271 1477 4.
1286 1428 1336 1476 5.
1408 1427 1495 1476 42.
1517 1423 1717 1477 Deinde
1734 1437 1849 1489 cap.
1866 1423 1952 1474 33.

58 1499 105 1562 [v.
131 1503 215 1553 18.
241 1499 510 1562 narratur.
538 1503 723 1554 Mosen
741 1517 770 1552 a
792 1503 901 1552 Deo
922 1502 1134 1567 petiisse
1150 1541 1164 1564 ‚
1189 1509 1248 1554 ut
1268 1501 1368 1554 sibi
1386 1502 1579 1565 liceret,
1619 1517 1739 1552 eum
1760 1501 1952 1552 videre.

58 1573 156 1628 'Sed
183 1579 438 1644 qnoniam
459 1579 673 1642 Moses.
708 1579 887 1630 utiam
909 1579 1105 1630 dietum
1125 1587 1227 1642 est,
1266 1580 1461 1632 nnllam
1482 1581 1577 1630 Dei
1606 1579 1881 1643 imaginem
1902 1579 1956 1628 in
2000 1579 2005 1586 '

67 1655 270 1706 cerebro
302 1655 638 1716 formaverat,
679 1657 890 1707 et-Deus
917 1655 1006 1722 (ut
1033 1657 1136 1708 iam
1163 1657 1395 1724 ostendi)
1428 1673 1533 1708 non
1561 1656 1812 1708 revelatur
1835 1671 1959 1721 pro-

67 1732 228 1798 phetis
244 1773 258 1794 ,
320 1732 425 1783 nisi
467 1748 558 1798 pro
597 1732 940 1799 dispositione
961 1740 1152 1785 'eorum
1193 1735 1571 1799 imaginationis
1587 1775 1600 1797 ,
1660 1734 1776 1785 ideo
1814 1735 1957 1785 Deus

67 1810 197 1861 nulla
237 1810 342 1875 ipsi
375 1811 602 1874 imagine
629 1811 893 1876 apparuit;
935 1817 1092 1875 atque
1121 1812 1218 1861 hoc
1250 1813 1527 1877 contigisse
1558 1814 1797 1877 inquam,
1838 1812 1955 1875 quia

58 1874 226 1955 suasis
247 1887 608 1951 imaginationi
627 1886 965 1953 repugnabat.
1035 1889 1166 1940 Nam
1198 1888 1281 1939 alii
1314 1889 1591 1955 prophetae
1611 1891 1780 1939 Deum
1802 1901 1858 1938 se
1879 1889 1957 1938 vi-

71 1964 201 2015 disse
253 1969 515 2015 testantur
526 1979 540 2023 ;
598 1978 785 2029 nempe
807 1964 1012 2016 Esaias
1032 1965 1113 2034 ¹),
1166 1964 1403 2018 Ezechiel
1422 1965 1509 2033 ²),
1556 1964 1736 2016 Daniel
1753 1965 1808 2031 ³)
1841 1958 1952 2014 etc.

69 2059 143 2107 43.
181 2058 250 2107 Et
273 2056 374 2107 hae
402 2056 469 2107 de
497 2070 655 2108 eausa
684 2058 826 2109 Deus
851 2058 994 2116 Mosi
1022 2059 1378 2125 respond1t⁴)
1427 2034 1615 2119 ζῆθι-ι’)
1659 2052 1954 2120 §mn-tib

58 2164 307 2250 -ιξΒ-Πζις
349 2175 458 2210 non
468 2162 675 2225 poteris
689 2161 1078 2225 meamsaeiem
1097 2160 1308 2225 videre,·
1345 2168 1396 2211 et
1425 2162 1547 2226 quia
1570 2162 1747 2213 Moses
1777 2157 1967 2209 crede-‘

71 2252 171 2315 bat,
209 2254 387 2305 Deum
409 2268 526 2305 esse
549 2236 835 2319 visibilem,
877 2252 973 2305 hoc
993 2261 1102 2316 est,
1143 2269 1203 2305 ex
1218 2261 1365 2321 parte
1386 2254 1583 2307 divinae
1605 2263 1814 2308 naturae
1836 2251 1954 2303 nul-

71 2328 157 2381 lam
190 2331 242 2382 id
274 2330 548 2397 implicare
577 2329 1030 2381 contradictionem
1065 2328 1220 2397 (alias
1250 2332 1389 2382 enim
1418 2331 1544 2383 nihii
1572 2332 1743 2382 simile
1771 2328 1954 2395 petiis-

73 2419 177 2481 set),
201 2418 322 2468 ideo
343 2408 520 2472 addit.
561 2420 656 2479 ῚΠῚ
687 2420 880 2479 own
904 2394 1213 2477 ὉΝἾἾἹῶ
1244 2420 1309 2479 73
1334 2421 1584 2484 quoniam
1603 2431 1751 2465 nemo
1768 2430 1849 2463 me
1868 2416 1951 2463 vi-

73 2510 228 2573 debit,
269 2516 328 2561 εἰ
354 2514 515 2561 vivet.
587 2509 776 2562 Reddit
794 2512 951 2575 igitur
970 2511 1223 2561 rationem
1240 2512 1473 2577 opinioni
1493 2511 1659 2563 Masis
1678 2511 1955 2574 consenta—
2017 2504 2021 2507 ’

75 2600 240 2647 neamz
283 2602 394 2639 non
423 2588 560 2637 enim
589 2587 739 2649 dicit,
779 2586 829 2637 id
851 2602 910 2638 ex
929 2594 1072 2652 parte
1091 2588 1292 2639 divinae
1312 2596 1525 2639 naturae
1545 2586 1807 2652 implicare
1827 2599 1955 2636 con-

73 2664 421 2716 tradictionem
437 2704 452 2727 ‚
491 2671 550 2714 ut
568 2678 649 2715 res
667 2678 839 2716 revera
861 2679 917 2716 se
937 2663 1118 2728 habet,
1157 2665 1251 2716 sed
1270 2665 1321 2716 id
1346 2665 1637 2727 contingere
1666 2678 1769 2714 non
1798 2678 1955 2729 posse

75 2749 268 2808 propter
297 2742 581 2793 humanam
613 2738 1038 2809 imbecillitatem.
1110 2745 1198 2793 44.
1236 2743 1393 2793 Porro
1412 2749 1471 2792 ut
1489 2742 1631 2799 ,Deus
1651 2742 1787 2803 Masi
1810 2756 1953 2792 reve-

369 2840 404 2847 ,-

163 2878 202 2927 ι)
243 2877 338 2920 les.
361 2887 466 2930 cap.
483 2876 526 2917 6.

161 2938 204 2985 2)
241 2936 418 2981 Ezech.
439 2946 542 2991 cap.
563 2938 601 2977 1.

161 2997 208 3046 3)
245 2996 369 3039 Dan.
391 3006 495 3050 cap.
516 2996 557 3037 ’1.

163 3056 204 3107 4)
239 3052 393 3099 E'xod.
413 3056 484 3111 33,
503 3056 569 3096 2⁰.
