2350 3475
301 141 387 214 60
703 141 1090 189 ΤιιΑοτΔτυε
1129 140 1789 188 ’rasonomco-rouoe.

301 321 386 374 50.
425 319 602 374 Moses
621 321 828 372 enimin
850 319 1074 372 Levitico
1094 335 1207 388 cap.
1235 321 1316 372 18.
1338 334 1387 371 v.
1408 319 1495 374 27.
1516 319 1603 374 28.
1627 323 1802 369 monet
1818 317 2097 386 Israelitas,
2128 333 2209 368 ne

301 399 512 451 incestis
533 398 842 467 polluantur,
860 397 1013 448 veluti
1026 397 1389 460 Canahanitae,
1404 411 1468 447 ne
1489 396 1632 462 ipsos
1652 403 1785 446 terra
1806 399 2021 458 evomat,
2039 394 2206 445 sicuti

303 477 529 528 evomuit
549 475 662 526 illas
681 480 887 540 genteS,
909 489 1041 540 quae
1062 475 1146 525 illa
1167 475 1276 526 loca
1298 471 1673 526 inhabitabant.
1748 469 1815 522 Et
1832 471 1986 524 Dent.
2007 485 2119 537 cap.
2140 473 2199 523 8.

301 568 347 605 v.
391 555 475 605 19.
514 554 601 607 20.
641 552 772 618 ipsis
808 552 1215 617 expressissimis
1235 549 1406 603 verbis
1445 550 1648 602 totalem
1698 551 1897 600 ruinam
1947 549 2199 600 minatur.

302 649 388 702 Sic
417 647 556 699 enim
587 645 684 696 ait:
734 649 915 729 02¹³?
982 643 1252 736 :panim
1294 637 1429 706 ahs
1469 647 1535 708 'a
1579 646 1736 722 1:1³3]
1780 649 1922 735 033
1966 637 2195 727 ἠψπ-ι

303 754 546 842 ῙΊἾΠΝΠ
591 761 656 843 ῖξ)
697 761 950 840 tinum)
991 763 1207 846 “3⁸32th
1250 758 1399 847 ιᾜΠῐ
1444 751 1609 844 Ἳῐζζζςδ
1656 759 1821 806 testor
1844 755 1992 805 vobis
2018 755 2199 819 hodie,

302 850 450 917 quod
462 849 699 901 absolute
711 851 993 916 peribitis,·
1030 828 1196 901 sicu‘ti
1209 825 1412 916 gente-i,
1437 865 1570 916 quas
1586 849 1732 899 Deus
1752 865 1823 899 ex
1842 853 2018 898 vestra
2029 863 2201 915 prae-

302 930 480 977 sentia
492 929 858 993 periresacit,
897 930 974 978 sic
989 927 1253 994 peribitis,
1328 929 1395 978 Et
1413 927 1476 977 ad
1498 925 1637 977 hunc
1656 925 1871 976 modum
1891 925 1988 976 alia
2009 925 2063 975 in
2084 925 2201 990 lege

303 1004 658 1070 reperiuntur,
701 1017 832 1068 quae
852 1017 1088 1069 expresse
1109 1003 1372 1066 indicant,
1410 1006 1578 1055 Deum
1600 1018 1702 1054 non
1722 1002 1985 1064 absolute,
2026 1015 2201 1067 neque

298 1082 351 1132 in
385 1071 652 1132 aeternum
682 1078 973 1132 Hebraeam
1004 1081 1261 1133 nationem
1302 1080 1540 1146 elegisse.
1616 1081 1702 1130 51.
1772 1079 1833 1130 Si
1868 1080 2043 1144 itaque
2072 1093 2203 1146 pro-

302 1158 487 1226 phetae
525 1158 590 1208 iis
623 1171 810 1208 novum
841 1165 892 1209 et
918 1165 1184 1209 aeternum
1213 1158 1399 1209 foedus
1426 1159 1520 1209 Del
1547 1157 1883 1223 cognitionis,
1924 1157 2119 1207 amoris
2152 1163 2203 1207 et

303 1235 494 1300 gratiae
523 1234 907 1301 praedixerunt,
945 1234 997 1286 id
1028 1235 1129 1300 piis
1156 1239 1358 1287 tantum
1396 1235 1624 1300 promitti
1663 1233 1813 1284 facile
1852 1233 2197 1284 convincitur.

301 1313 434 1363 Nam
467 1311 521 1362 in
553 1311 734 1362 eodem
753 1311 1040 1363 Ezechielis
1062 1313 1256 1378 capite,
1292 1311 1432 1378 quod
1452 1310 1607 1362 modo
1626 1310 1927 1372 citavimus,
1958 1323 2201 1376 expresse

304 1387 516 1452 dicitur,
555 1389 697 1454 quod
729 1390 874 1440 Deus
903 1387 968 1440 ab
1000 1389 1063 1439 iis
1091 1389 1349 1456 separabit
1379 1387 1597 1440 rebelles
1626 1393 1678 1438 et
1715 1385 2013 1438 deficientes
2025 1386 2111 1448 *);
2148 1393 2204 1438 et

303 1465 628 1531 Tsephoniae
649 1462 763 1532 cap.
785 1465 838 1516 3.
861 1480 908 1517 v.
933 1465 1018 1516 11.
1044 1465 1156 1529 12„
1203 1465 1342 1530 quod
1363 1467 1506 1516 Deus
1536 1463 1792 1530 superbos
1821 1463 2016 1515 auferet
2034 1476 2063 1513 e
2083 1477 2203 1513 me·-

304 1542 389 1593 dio
411 1550 464 1592 et
480 1556 734 1608 pauperes
755 1543 1064 1608 superstites
1085 1541 1255 1593 faciet.
1328 1541 1394 1591 Et
1413 1543 1536 1606 quia
1555 1542 1680 1592 haec
1700 1540 1883 1593 electio
1900 1553 2071 1592 veram
2092 1541 2201 1590 vir-

303 1625 466 1668 tutem
496 1624 717 1684 spectat,
760 1632 861 1668 non
890 1617 1183 1682 putandum
1205 1625 1311 1680 est,
1354 1618 1494 1683 quod
1516 1619 1617 1684 piis
1636 1617 1947 1670 Iudaeorum
1967 1623 2194 1677 tantum,

305 1695 487 1746 ceteris
507 1694 728 1746 exclusis
745 1733 758 1756 ,
798 1695 1055 1761 promissa
1077 1693 1233 1745 fuerit
1250 1733 1263 1755 ‚
1303 1693 1396 1745 sed
1418 1693 1571 1761 plane
1594 1694 1907 1747 credendum
1924 1721 1943 1757 ,·
1978 1694 2202 1761 gentiles

301 1786 448 1823 veros
467 1770 746 1839 propbetas
761 1810 774 1832 ,
807 1786 940 1837 quos
961 1785 1142 1822 omnes
1163 1772 1397 1823 nationes
1416 1770 1662 1823 habuisse
1683 1773 2009 1824 ostendimus
2024 1811 2037 1834 ,
2070 1786 2203 1823 ean-

302 1848 420 1899 dem'
443 1848 596 1900 etiam
621 1847 863 1899 fidelibus
884 1862 1098 1899 suarum
1119 1849 1387 1899 nationum
1414 1850 1752 1915 promisisse,
1793 1864 1988 1915 eosque
2016 1848 2197 1899 eadem

301 1924 496 1983 s‘olatos
515 1925 701 1976 fuisse.
777 1926 862 1978 52.
905 1925 1078 1987 Quare
1097 1926 1193 1977 hoe
1214 1932 1479 1977 aeternum
1498 1926 1683 1978 foedus
1705 1928 1801 1978 Dei
1820 1924 2125 1991 cognitionis
2146 1932 2202 1974 et

302 2000 492 2054 amoris
512 2002 798 2053 universale
819 2008 920 2065 est,
963 2009 1020 2054 ut
1039 2003 1190 2053 etiam
1212 2018 1272 2053 ex
1286 2002 1611 2069 Tsephoniae
1630 2018 1743 2069 cap.
1768 2004 1819 2054 3.
1842 2017 1889 2054 v.
1912 2004 1963 2054 9.
1988 2003 2066 2055 10.
2090 2002 2201 2051 evi-

302 2080 607 2131 dentissime
637 2086 863 2141 constat,
903 2080 1137 2145 adeoque
1167 2080 1264 2131 hac
1290 2081 1343 2131 in
1372 2096 1428 2131 re
1446 2081 1588 2133 nulla
1611 2086 1691 2132 est
1709 2078 2023 2131 admittenda
2043 2076 2200 2129 diffe—

301 2156 464 2207 rentia
483 2158 615 2207 inter
633 2157 853 2207 Iudaeos
873 2164 924 2207 et
941 2162 1136 2221 genteS‚
1161 2171 1333 2222 neque
1353 2158 1511 2222 igitur
1530 2159 1682 2209 etiam
1704 2157 1801 2209 alia
1821 2156 1997 2206 electio
2018 2156 2081 2204 iis
2102 2168 2200 2219 pe·-

302 2233 508 2301 culiaris
527 2240 728 2299 praeter
746 2234 904 2296 iliam,
928 2246 1082 2299 quam
1107 2234 1209 2284 iam
1232 2234 1581 2286 ostendimus.
1652 2235 1717 2286 Et
1738 2232 1877 2299 quod
1898 2231 2194 2298 prophetae,

303 2309 429 2361 dum
463 2308 527 2361 de
557 2310 650 2361 hac
669 2310 946 2372 electione,
987 2302 1121 2375 qu'ae
1141 2311 1305 2362 solam
1326 2324 1495 2362 veram
1514 2313 1749 2363 virtutem
1770 2317 1993 2377 spectat,
2032 2308 2197 2358 multa

301 2386 366 2439 de
386 2385 649 2439 sacrificiis
679 2393 730 2437 et
759 2386 876 2438 aliis
906 2389 1210 2439 ceremoniis
1240 2402 1299 2439 ac
1327 2389 1503 2454 templi
1533 2395 1585 2439 et
1608 2388 1755 2438 urbis
1788 2385 2199 2437 reaedificatione

301 2464 567 2525 misceant,
590 2478 684 2529 pro
707 2477 848 2513 more
868 2470 917 2514 et
939 2472 1120 2517 natura
1140 2465 1441 2531 prophetiae
1461 2480 1544 2516 res
1564 2464 1861 2531 spirituales
1882 2462 1981 2514 sub
2002 2461 2195 2513 talibus

302 2540 481 2605 figuris
501 2540 750 2606 explicare
774 2540 1070 2604 voluerunt,
1114 2549 1170 2592 ut
1190 2542 1429 2603 Iudaeis,
1471 2555 1691 2606 quorum
1720 2547 1864 2591 eraut
1893 2538 2189 2606 prophetae,

297 2617 503 2687 imperii
541 2624 592 2669 et
629 2616 826 2684 templi
844 2620 1300 2682 restaurationem,
1353 2625 1584 2683 tempore
1620 2618 1735 2685 Cyri
1772 2616 2191 2683 exspectandam,

301 2694 457 2745 simul
480 2693 780 2745 indicarent.
856 2694 940 2745 53.
979 2697 1150 2757 Quare
1180 2693 1333 2745 hodie
1364 2694 1543 2745 Iudaei
1576 2694 1701 2745 nihil
1730 2706 1945 2760 prorsus
1974 2692 2192 2755 habent,

300 2770 442 2837 quod
473 2769 574 2823 sibi
605 2785 762 2837 supra
793 2785 976 2821 omnes
1007 2772 1241 2822 nationes
1273 2769 1499 2823 tribuere
1530 2772 1751 2836 possint.
1825 2770 1982 2834 Quod
2020 2777 2197 2822 autem

300 2854 376 2899 tot
395 2861 559 2899 annos
579 2847 802 2915 dispersi
822 2848 1021 2912 absque
1042 2848 1259 2913 imperio
1278 2848 1597 2913 perstiterint
1610 2886 1624 2909 ,
1662 2846 1715 2899 id
1746 2847 1961 2899 minime
1982 2849 2191 2909 mirum,

299 2932 582 2993 postquam
603 2938 660 2975 se
678 2922 743 2975 ab
763 2924 1007 2978 omnibus
1027 2924 1327 2978 nationibus
1348 2926 1417 2977 ita
1436 2931 1831 2993 separaverunt,
1870 2932 1932 2975 ut
1958 2924 2200 2977 omnium

406 3102 450 3155 ⁶)
485 3098 655 3145 Ezech.
677 3100 746 3158 2⁰,
767 3102 836 3144 38.
