2350 3475
858 93 999 144 car».
1051 92 1161 142 xv,
1809 86 1946 151 :luti

67 272 345 351 puppium,
387 284 491 323 noa
520 275 693 327 autem
730 270 897 339 ipsius
933 270 1182 325 orationis
1216 270 1472 323 inbutum
1507 268 1730 334 inoleat,
1769 272 1948 339 plume

72 364 175 401 esse
214 348 385 409 deos3
428 356 481 401 et
508 347 623 401 ideo
661 348 774 413 ipsa
804 349 978 401 omnia
1014 347 1360 415 metaphorice
1397 348 1720 415 explicanda,
1759 350 1952 400 scilieet

74 440 164 475 uon
202 427 337 492 quia
380 426 567 477 rationi
612 432 893 493 repugnat,
948 424 1127 492 plures
1172 425 1312 487 dari,
1367 424 1460 478 aad
1501 426 1620 493 quia
1659 428 1771 493 ipsa
1809 426 1951 477 Seri-

74 511 211 567 ptura
250 502 450 553 directe
484 502 731 565 affirmat,
770 502 979 555 uoieum
1019 516 1135 557 esse
1170 503 1360 555 Deum.
1435 504 1487 555 7.
1525 504 1610 554 Sic
1637 504 1792 555 etiam
1832 502 1951 567 quia

74 578 337 645 Scriptura
360 580 517 631 Dent.
536 593 649 645 cap.
672 582 727 631 4.
746 594 881 633 vers.
904 581 989 634 15.
1011 580 1200 633 directe
1221 578 1308 646 (ut
1326 580 1498 647 putat)
1515 579 1762 640 affirmat,
1783 581 1950 630 Deum

74 668 175 705 esse
194 658 595 722 incorporeum3
634 656 753 711 ideo
765 694 781 718 ‚
800 672 863 709 ex
880 656 989 709 sola
1008 657 1208 709 scilieet
1225 656 1384 709 huius
1401 657 1522 720 loci,
1543 664 1596 709 et
1615 670 1717 708 non
1737 655 1950 708 rationis

75 734 370 783 auctoritate
384 772 401 794 ‚
438 740 677 785 tenemur
692 734 897 788 eredere
914 735 1084 788 Deum
1106 749 1208 785 nou
1235 733 1422 786 babere
1439 748 1631 803 corpus
1646 774 1659 795 ,
1699 743 1750 785 et
1767 746 1952 784 eonse-

76 817 287 873 quenter
316 824 379 861 ex
404 810 517 862 sola
536 811 825 877 scripturae
854 812 1153 863 auctoritate
1172 812 1348 863 omnia
1365 810 1479 862 loca
1499 810 1844 877 metaphorice
1863 824 1952 861 ex-

74 886 251 949 plicare
276 894 547 949 tenemur,
580 902 714 954 quae
733 890 843 941 Deo
864 902 1079 952 manus,
1110 889 1270 957 pedes
1289 896 1386 941 ete.
1409 889 1667 951 tribuunt,
1699 902 1954 954 quorum-

77 977 163 1025 que
190 964 347 1015 solus
380 966 572 1017 modus
598 966 849 1033 loquendi
874 967 1076 1019 videtur
1102 967 1271 1019 Deum
1301 979 1602 1031 corporeum
1641 978 1952 1030 supponere.

78 1038 119 1089 8.
156 1041 305 1093 Haec
336 1048 415 1093 est
444 1040 601 1093 huius
628 1045 849 1098 auctoris
878 1044 1160 1105 sententia,
1199 1057 1356 1109 quem
1377 1051 1634 1108 quatenus
1651 1041 1956 1108 Scripturas
2033 1082 2040 1089 .

74 1131 157 1181 per
172 1117 491 1187 Scripturas
510 1120 782 1186 explicare
809 1119 945 1181 vult,
986 1119 1164 1179 laudm
1205 1128 1257 1171 at
1287 1122 1470 1180 miror,
1507 1118 1647 1185 quod
1667 1120 1742 1170 vir
1761 1118 1956 1168 ratione

78 1195 339 1257 praeditus
356 1196 527 1263 ipsam
546 1196 809 1249 destruere
828 1196 1054 1249 studeat.
1129 1200 1356 1250 Verum
1386 1196 1641 1263 quidem
1669 1202 1772 1246 est
1797 1192 1957 1245 Seri·

74 1276 321 1333 pturam
368 1288 479 1339 per
516 1273 913 1339 scripturam
960 1274 1402 1339 explicandam
1445 1286 1616 1335 asse,
1669 1285 1825 1337 quam
1866 1269 1954 1320 diu

77 1344 128 1395 de
156 1348 270 1402 solo
306 1350 599 1403 orationum
628 1363 786 1402 seusu
824 1358 875 1403 et
904 1359 1073 1406 tuente
1106 1350 1470 1417 prophetarum
1499 1348 1822 1401 laboramusz
1861 1344 1954 1396 sed

76 1432 413 1491 postquam
443 1441 655 1479 verum
684 1440 945 1480 sensum
968 1429 1285 1489 eruimus,
1319 1427 1684 1479 necessario
1711 1422 1956 1473 iudicio

75 1506 125 1549 et
164 1505 429 1555 ratione
475 1504 815 1567 utendum,
864 1512 935 1555 ut
970 1505 1097 1571 ipsi
1134 1518 1474 1555 assensum
1511 1501 1954 1571 praebeamus.

77 1576 119 1625 9·
157 1578 319 1641 Quod
338 1583 385 1633 si
407 1582 561 1644 ratio,
592 1582 829 1647 quamvis
850 1580 1093 1633 reclamat
1110 1582 1431 1647 Scripturae,
1455 1587 1626 1631 tamen
1649 1580 1799 1645 plano
1818 1574 1955 1629 sub-
2013 1581 2018 1585 “

76 1654 321 1715 mittenda
353 1665 461 1718 est,
503 1672 726 1725 quaeso,
766 1673 829 1711 an
862 1657 914 1711 id
944 1673 1063 1711 eum
1094 1659 1171 1711 vei
1201 1660 1316 1711 sine
1346 1658 1540 1709 ratione
1561 1664 1616 1708 ut
1635 1656 1769 1707 caeci
1788 1654 1958 1705 facere

78 1729 362 1786 debemus?
432 1734 491 1786 si
518 1734 647 1798 hoo,
686 1735 843 1789 stulte
862 1751 988 1788 saue
1016 1745 1067 1788 et
1092 1739 1208 1788 sine
1239 1737 1430 1788 iudicio
1457 1737 1689 1802 agimusz
1731 1733 1776 1784 si
1803 1730 1953 1797 illud,

78 1820 125 1855 ex
143 1809 255 1862 solo
277 1811 437 1876 igitur
455 1813 665 1864 rationis
686 1815 903 1879 imperio
922 1814 1240 1881 Scripturam
1261 1814 1620 1880 amplectimur
1634 1850 1648 1872 ‚
1683 1825 1838 1877 quam
1857 1811 1960 1875 igi-

77 1889 175 1946 tur,
212 1889 265 1938 si
300 1889 469 1942 eidem
505 1896 841 1956 repugnaret,
878 1905 983 1942 nou
1020 1893 1466 1958 amplecteremur.
1539 1893 1626 1942 1⁰.
1665 1889 1730 1938 Et
1754 1898 1960 1953 'quaeso

81 1963 182 2026 quis
202 1973 383 2018 mente
402 1965 596 2032 aliquid
617 1967 857 2034 amplecti
876 1975 1047 2034 potest
1068 1968 1376 2021 reclamante
1397 1962 1630 2018 ratione?
1657 1965 1795 2027 Quid
1816 1967 1956 2018 enim

79 2037 207 2092 aliud
239 2049 325 2092 est
352 2050 529 2096 mente
556 2043 753 2110 aliquid
781 2059 989 2109 negare,
1032 2059 1190 2110 quam
1217 2045 1356 2110 quod
1387 2045 1516 2096 ratio
1545 2041 1824 2094 reclamat?
1891 2043 1960 2094 Et

80 2117 303 2178 proiecto
334 2135 439 2171 uon
470 2122 597 2172 satis
617 2122 793 2172 mirari
812 2135 1057 2187 possum,
1097 2122 1240 2186 quod
1262 2124 1541 2182 rationem,
1582 2119 1778 2170 donum
1798 2119 1958 2169 maxi-

82 2204 209 2244 mum
242 2202 300 2247 et
326 2196 494 2248 lucem
523 2197 773 2260 divinam,
816 2198 1036 2250 mortuis
1068 2198 1230 2250 literis
1257 2206 1308 2250 et
1335 2212 1468 2264 quae
1503 2197 1728 2248 humana
1763 2195 1959 2245 malitia

84 2266 339 2336 depravari
360 2281 643 2340 potueruut
658 2312 673 2335 ‚
701 2274 1007 2328 submittere
1026 2276 1208 2339 velint,
1243 2283 1292 2326 et
1311 2275 1450 2342 quod
1472 2275 1676 2326 nullum
1694 2273 1958 2323 existime-

82 2350 152 2396 tur
170 2349 351 2400 scelus
366 2389 381 2412 ,
402 2358 581 2404 eontra
600 2358 825 2404 mentem
840 2391 855 2414 ‚
878 2367 1053 2405 verum
1075 2353 1168 2404 Dei
1191 2354 1328 2404 verbi
1351 2349 1696 2419 syngraphum
1714 2386 1727 2410 ,
1751 2348 1960 2414 indigne

81 2420 241 2489 loqui,
286 2440 507 2493 eamque
539 2437 859 2494 corruptam,
898 2444 1104 2482 caecam
1132 2437 1186 2481 et
1210 2429 1460 2496 perditam
1482 2434 1733 2488 statuere;
1771 2432 1960 2478 etma-

84 2499 269 2554 ximum
302 2502 555 2556 habeatur
580 2505 783 2568 scelus,
822 2507 919 2558 alia
949 2505 1015 2558 de
1044 2507 1192 2558 litera
1217 2513 1270 2558 et
1285 2504 1536 2557 verbiDei
1559 2502 1696 2554 idolo
1715 2503 1956 2567 cogitare.

86 2577 155 2628 11.
196 2581 353 2633 Pium
383 2595 503 2632 esse
533 2588 741 2647 putant,
781 2583 964 2636 rationi
994 2591 1047 2634 et
1075 2584 1282 2649 proprio
1311 2581 1500 2632 iudicio
1527 2579 1654 2632 nihil
1684 2579 1866 2640 fiderez
1905 2586 1964 2633 at

85 2651 296 2721 impium
330 2657 394 2708 de
422 2657 525 2710 fide
558 2672 734 2713 eorum
765 2660 1025 2722 dubitare,
1062 2661 1155 2726 qui
1185 2658 1337 2712 nobis
1362 2657 1522 2712 libros
1539 2670 1715 2708 saeros
1737 2655 1966 2710 tradide-

86 2740 219 2794 runt;
285 2733 429 2800 quod
466 2735 607 2786 idem
644 2751 785 2788 mera
820 2737 1037 2788 stultitia
1076 2745 1184 2798 est,
1222 2749 1325 2786 non
1367 2735 1552 2802 pietas.
1623 2733 1728 2786 Sed
1767 2748 1964 2800 quaeso

86 2810 199 2872 quid
219 2825 313 2860 eos
336 2811 621 2864 sollicitet?
674 2813 815 2875 Quid
837 2811 1058 2878 timent?
1110 2815 1196 2866 An
1213 2813 1390 2878 religio
1411 2819 1460 2862 et
1478 2811 1607 2863 fides
1629 2811 1836 2863 defendi
1857 2827 1962 2864 nou

87 2895 318 2949 possunt,
335 2890 438 2942 uisi
458 2889 698 2942 homines
718 2891 832 2949 data
856 2905 1011 2957 opera
1032 2892 1205 2942 omnia
1225 2891 1460 2955 ignorent
1478 2898 1528 2940 et
1547 2889 1726 2940 rationi
1747 2903 1964 2958 prorsus

87 2962 401 3018 valedicam?
468 2967 739 3030 Profecto,
779 2969 824 3020 si
852 2968 949 3020 hoe
978 2968 1223 3028 eredunt,
1267 2969 1558 3032 scripturae
1585 2967 1752 3033 magis
1781 2969 1964 3018 timent

92 3054 231 3106 quam
252 3041 443 3096 fidunt.
504 3044 587 3099 12.
610 3045 713 3098 Sed
733 3045 887 3113 longe
902 3044 1059 3110 absit,
1075 3043 1218 3119 quod
1234 3044 1414 3111 religio
1429 3052 1482 3096 et
1501 3044 1666 3112 pietas
1685 3046 1958 3110 rationem,
