2350 3475
362 135 481 196 102
753 136 1144 186 ‘reae-rmus
1183 135 1839 184 mmmmm-pour.

357 331 545 370 novum
577 319 802 381 videtur,
843 319 894 369 id
923 323 1093 369 tamen
1124 329 1312 368 novum
1340 330 1444 368 non
1476 321 1585 376 est,
1626 312 1719 365 sed
1738 313 1791 363 iu
1812 311 2063 377 saeculis,
2106 327 2239 378 quae

355 402 503 447 antea
533 395 744 448 fuerunt
772 402 822 446 et
857 409 1076 460 quorum
1105 393 1249 446 nulla
1286 400 1367 443 est
1400 391 1675 454 memoria,
1716 391 1953 456 contigit3
1993 405 2143 452 nam,
2186 397 2241 440 ut

353 473 468 538 ipse
487 474 585 534 ait,
626 473 955 537 antiquorum
975 471 1114 523 nulla
1135 477 1215 522 est
1232 469 1369 537 apud
1390 469 1668 521 hodiernos
1702 467 1978 532 memoria,
2021 481 2119 519 nec
2134 468 2240 520 ulla

355 550 507 600 etiam
529 549 893 600 hodiernorum
913 547 1052 616 apud
1071 554 1307 615 posteros
1326 548 1439 598 erit.
1514 546 1599 598 68.
1638 544 1839 596 Deinde
1866 557 1980 612 cap.
2003 545 2057 596 3.
2079 559 2129 597 v.
2155 546 2237 598 11.

355 627 504 691 dicit,
544 628 715 677 Deum
737 625 908 677 omnia
929 624 1090 692 probe
1110 627 1162 676 in
1185 639 1363 677 eorum
1382 631 1590 689 tempus
1622 621 1969 687 ordinavisse,
2010 630 2063 674 et
2078 637 2129 673 v.
2154 625 2237 674 14.
2324 655 2326 694 ἰ

354 716 412 754 se
441 704 646 756 novisse
672 703 768 764 ait,
809 702 948 768 quod
972 702 1224 768 quicquid
1244 703 1388 753 Dens
1409 701 1555 761 facit,
1596 698 1649 749 id
1670 699 1725 750 in
1745 706 2011 752 aeternum
2030 713 2241 766 perma-
2326 709 2329 772 y

315 830 326 840 ,
355 779 524 839 nebit,
569 793 666 831 nec
703 781 749 831 ei
786 779 981 845 aliquid
1019 779 1166 842 addi,
1215 793 1311 831 nec
1348 777 1415 830 de
1450 791 1511 829 eo
1548 776 1741 842 aliquid
1778 776 2016 829 subtrahi
2053 791 2238 844 posse;

355 871 489 923 quae-
505 857 676 908 omnia
695 857 980 908 clarissime
999 857 1215 917 docent,
1254 862 1489 910 naturam
1510 853 1665 906 fixum
1687 861 1841 920 atque
1860 853 2241 906 immutabilem
2326 775 2328 932 Ι

353 933 586 986 ordinem
617 949 847 996 servare,
886 935 1056 986 Deum
1083 931 1329 985 omnibns
1357 930 1577 984 saeculis
1608 930 1762 983 nobis
1792 933 1935 984 notis
1964 938 2016 984 et
2049 933 2241 998 ignotis
2326 935 2330 976 ἰ

353 1011 576 1062 eundem
607 1010 801 1074 fuisse,
842 1011 1086 1078 legesque
1116 1018 1325 1063 naturae
1350 1010 1481 1062 adeo
1520 1008 1773 1072 periectas
1800 1015 1851 1060 et
1876 1007 2073 1062 fertiles
2104 1023 2242 1069 esse,
2325 1047 2330 1070 1

352 1094 414 1140 ut
455 1088 521 1140 iis
566 1087 694 1139 nibil
738 1088 860 1141 addi
905 1102 1076 1155 neque
1121 1087 1319 1138 detrahi
1368 1086 1569 1154 possit,
1628 1093 1678 1136 et
1724 1085 1949 1152 denique
1995 1085 2246 1141 miracula
2326 1088 2330 1154 ἢ,

352 1179 458 1215 non
497 1165 599 1215 nisi
634 1173 845 1231 propter
879 1165 1149 1216 bominum
1187 1165 1531 1231 ignorantia-m
1568 1169 1629 1214 nt
1666 1162 1864 1228 aliquid
1906 1163 2023 1214 novi
2060 1163 2244 1214 videri.
2328 1157 2330 1160 ⁴

354 1241 440 1292 69.
479 1242 624 1294 Haec
641 1243 800 1309 igitur
817 1244 873 1294 in
895 1243 1158 1309 Scriptura
1190 1255 1430 1309 expresse
1460 1242 1733 1299 docentus-3
1773 1239 2059 1303 atnullibi‚
2101 1240 2247 1307 quod
2330 1216 2332 1324 ἢ

349 1319 404 1369 in
434 1325 616 1370 natura
655 1319 853 1386 aliquid
889 1323 1172 1384 contingat,
1216 1318 1357 1385 quod
1392 1319 1563 1385 ipsius
1600 1317 1802 1384 legibus
1840 1324 2115 1384 repugnet,
2156 1325 2251 1369 aut

353 1395 492 1461 quod
521 1409 581 1448 ex
606 1395 673 1448 iis
700 1405 925 1464 nequeat
945 1398 1122 1464 sequi3
1163 1396 1397 1462 adeoque
1418 1409 1589 1462 neque
1607 1397 1759 1446 etiam
1784 1395 2076 1461 scripturae
2094 1394 2252 1446 affin-

351 1474 601 1538 gendum.
672 1473 758 1526 Ad
795 1474 922 1526 baec
957 1473 1155 1527 accedit
1176 1513 1191 1535 ,
1250 1474 1389 1540 quod
1428 1472 1674 1526 miracula
1710 1485 1893 1523 causas
1929 1478 1980 1523 et
2018 1471 2251 1525 circum·
2332 1470 2334 1542 1

351 1551 568 1603 stantias
588 1551 852 1616 requirant
871 1549 1079 1617 (utiam
1103 1551 1480 1615 ostendimus),
1520 1557 1573 1601 et
1590 1549 1735 1616 qnod
1755 1562 1859 1600 non
1878 1555 2169 1614 sequantur
2188 1563 2250 1600 ex

351 1628 530 1678 nescio
547 1641 654 1692 quo
673 1628 893 1694 imperio
913 1628 1054 1692 regio
1068 1665 1082 1687 ‚
1105 1627 1247 1692 quod
1268 1627 1453 1692 vulgus
1471 1630 1581 1678 Deo
1600 1626 1811 1692 affingit,
1836 1625 1929 1676 sed
1947 1639 2006 1677 ex
2023 1626 2249 1692 imperio

352 1710 404 1755 et
423 1703 625 1755 decreto
645 1703 819 1756 divino
833 1742 848 1767 ‚
887 1701 985 1755 boc
1003 1709 1083 1755 est
1101 1703 1190 1769 (ut
1208 1703 1360 1756 etiam
1390 1717 1449 1756 ex
1470 1705 1582 1771 ipsa
1602 1704 1865 1771 scripture
1886 1702 2247 1771 ostendimus)
2334 1722 2336 1763 ἦ

352 1794 411 1833 ex
427 1779 632 1845 legibus
649 1787 861 1833 naturae
880 1780 1099 1847 eiusque
1119 1780 1299 1833 ordine
1314 1819 1329 1842 ,
1351 1787 1401 1832 et
1420 1781 1559 1847 quod
1582 1782 1805 1847 denique
1824 1778 2069 1833 miracula
2090 1782 2247 1831 etiam

350 1870 381 1907 a
415 1856 778 1908 seductoribus
816 1856 923 1909 fieri
961 1858 1193 1924 possint,
1231 1864 1289 1909 nt
1314 1858 1635 1911 convincitur
1663 1872 1722 1910 ex
1751 1870 1865 1924 cap.
1890 1857 1975 1909 13.
2004 1858 2163 1909 Deut-
2196 1865 2251 1909 et

352 1946 467 1998 cap.
489 1934 577 1987 24.
597 1948 733 1987 vers.
753 1935 842 1989 24.
864 1934 1132 1988 Matthaei.
1206 1934 1293 1986 70.
1333 1934 1408 1987 Ex
1439 1935 1635 2001 quibus
1670 1946 1822 2001 porro
1861 1933 2249 1987 evidentissime

351 2011 606 2075 sequitur,
646 2011 895 2063 miracula
916 2026 998 2063 res
1017 2011 1279 2064 naturales
1300 2011 1465 2063 fuisse
1479 2051 1494 2078 ,
1529 2018 1685 2077 atque
1705 2012 1834 2065 adeo
1856 2010 2034 2062 eadem
2055 2010 2127 2062 ita
2148 2026 2247 2062 ex·-

350 2087 616 2155 plicanda‚
655 2097 714 2140 ut
734 2102 904 2156 neque
924 2103 1054 2141 nova
1075 2088 1162 2156 (ut
1180 2088 1475 2141 Salomonis
1493 2088 1649 2141 verbo
1670 2088 1811 2155 utar)
1831 2100 2001 2153 neque
2029 2096 2249 2139 naturae

350 2166 688 2231 repugnantia
707 2166 994 2229 videantur,
1035 2166 1160 2227 sed,
1204 2166 1248 2217 si
1268 2165 1376 2219 fleri
1399 2168 1594 2233 potuit,
1634 2166 1700 2219 ad
1731 2180 1814 2218 res
1842 2164 2105 2216 naturales
2132 2180 2250 2216 ma·-

349 2243 484 2293 xime
532 2242 856 2306 accedentia,
913 2241 1054 2309 quod
1101 2250 1162 2293 ut
1208 2243 1409 2295 facilius
1446 2243 1511 2296 ab
1548 2256 1866 2311 unoquoque
1901 2243 2073 2307 possit
2108 2240 2243 2305 fleri,

351 2318 604 2384 quasdam
633 2320 838 2385 regulas
864 2335 926 2371 ex
944 2320 1055 2372 sola
1075 2320 1337 2388 Scriptura
1357 2322 1543 2388 petitas
1561 2321 1768 2372 tradidi.
1841 2320 1931 2371 71.
1969 2319 2239 2381 Attamen,

350 2397 588 2460 quamvis
624 2397 820 2461 dicam,
861 2398 1179 2465 scripturam
1217 2398 1345 2450 baec
1384 2396 1597 2459 docere,
1636 2412 1740 2449 non
1780 2402 1953 2449 tamen
1990 2395 2243 2461 intelligo,

349 2471 476 2525 haec
502 2473 568 2526 ab
597 2474 780 2528 eadem
815 2475 987 2526 doceri
1003 2482 1252 2541 tanquam
1274 2474 1581 2527 documenta
1602 2476 1666 2526 ad
1686 2474 1907 2526 salutem
1930 2475 2245 2533 necessaria,

350 2550 442 2602 sed
473 2557 676 2603 tantum
703 2552 843 2618 qnod
874 2552 1150 2618 prophetae
1179 2553 1305 2604 baec
1332 2552 1510 2603 eadem
1527 2591 1541 2613 ‚
1580 2552 1655 2603 uti
1684 2566 1807 2617 nos,
1848 2551 2065 2618 amplexi
2094 2558 2244 2603 sunt.

351 2626 522 2689 Quare
542 2629 608 2680 de
627 2628 710 2680 bis
728 2629 1036 2695 unicuique,
1075 2636 1230 2695 prout
1246 2628 1348 2680 sibi
1367 2628 1555 2681 melius
1574 2642 1691 2681 esse
1708 2629 1899 2682 sentiet
1913 2629 1977 2680 ad
1998 2628 2093 2679 Dei
2128 2628 2249 2679 cul-

352 2710 462 2753 tum
490 2712 540 2756 et
569 2705 868 2772 religionem
895 2707 1096 2772 integro
1133 2706 1307 2757 animo
1334 2707 1754 2773 suscipiendum,
1796 2706 2017 2758 liberum
2038 2712 2121 2757 est
2138 2706 2249 2756 exi-

351 2780 580 2833 stimate.
654 2783 740 2837 72.
778 2782 933 2846 Quod
961 2784 1115 2834 etiam
1140 2782 1400 2849 Iosephus
1426 2786 1615 2846 sentit3
1648 2785 1726 2836 sic
1762 2782 1901 2836 enim
1936 2784 1992 2834 ln
2028 2780 2251 2833 conclu-

350 2856 498 2909 sione
542 2856 662 2909 libr.
700 2860 770 2910 11.
816 2860 1075 2926 Antiquit.
1117 2858 1300 2911 scribit
1326 2880 1339 2912 ε
1392 2860 1588 2914 Nullus
1621 2874 1746 2912 ver-o
1780 2858 2051 2913 discredat
2084 2860 2249 2910 verbo

348 2934 600 2985 miraculi
615 2972 630 2997 ‚
667 2937 718 2985 ai
753 2940 989 3003 antiquis
1022 2937 1321 2989 hominibus
1356 2944 1412 2989 et
1444 2939 1657 2990 malitia
1675 2940 1909 3005 privatis
1936 2939 2025 2988 uia
2051 2936 2248 2987 salutis

351 3010 521 3077 liquet
551 3028 650 3078 per
679 3027 829 3063 mare
847 3014 1018 3079 sacta
1052 3017 1163 3067 eive
1202 3014 1471 3067 voluntate
1498 3017 1605 3067 Det·
1629 3018 1740 3066 sive
1764 3019 1949 3082 sponte
1982 3013 2245 3077 revelata,

351 3087 474 3139 dum
501 3094 556 3140 et
580 3092 657 3140 eis
682 3091 778 3155 qui
801 3104 922 3141 cum
936 3090 1248 3146 Alexandro
1276 3108 1405 3159 rege
1422 3091 1768 3146 Macedoniae
1780 3092 2009 3159 suerint
2032 3091 2164 3145 olim
2196 3096 2250 3141 et

865 3198 909 3262 χ
