2350 3475
851 125 1016 180 'can
1067 135 1156 181 lv.
1884 135 1963 193 73

81 317 300 370 felicitas
327 322 383 367 et
408 313 749 382 tranquillitas
779 313 920 376 eius,
961 314 1051 379 qni
1081 313 1367 366 naturalem
1388 313 1704 366 intellectum
1724 313 1870 378 colit,
1910 331 1971 368 ex

83 401 254 447 mente
283 391 580 446 Salomonis
618 392 797 453 etiam,
837 405 940 442 non
977 390 1043 443 ab
1082 391 1297 456 imperio
1334 390 1568 444 fortunae
1604 390 1734 457 (hoc
1768 400 1848 442 est
1873 393 1969 444 Dei

83 471 270 524 auxilio
290 468 543 536 externo),
571 467 661 519 sed
681 482 712 518 a
729 481 824 519 sua
844 467 1043 519 interna
1064 467 1247 518 virtute
1269 467 1402 534 (sive
1420 469 1516 519 Del
1537 467 1722 519 auxilio
1743 469 1969 534 interno)

85 549 306 599 maxime
325 544 535 614 pendet,
559 559 760 610 nempe,
784 545 906 610 quia
923 543 1191 611 vigilando,
1216 545 1411 610 agendo
1432 551 1481 596 et
1502 545 1631 597 bene
1651 545 1968 596 consulendo

85 641 140 676 se
169 624 398 675 maxime
426 627 709 673 conservat.
780 621 868 673 47.
905 621 1143 686 Denique
1174 635 1501 688 nequaquam
1529 621 1613 672 hic
1641 629 1973 688 praetereun-

85 701 182 752 dus
211 707 294 752 est
324 701 470 751 locus
488 698 663 759 Pauli,
702 699 792 764 qui
824 697 1040 750 habetur
1059 711 1171 763 cap.
1199 699 1247 749 1.
1268 712 1401 751 νοτε.
1424 699 1511 752 20.
1533 700 1687 764 epist.
1710 698 1775 750 ad
1794 701 1968 760 Rom„

87 779 176 830 ubi
204 777 294 844 (ut
313 775 624 828 Tremellius
642 777 786 828 vertit
803 790 860 826 ex
885 777 1092 840 Syriaco
1122 775 1289 843 textu)
1319 776 1394 827 sic
1419 776 1515 827 ait:
1592 777 1811 828 Occulta
1836 778 1973 826 enim

85 856 189 906 Dei
217 853 644 920 afimdamentis
670 852 856 904 mnndi
879 855 938 902 in
963 855 1225 904 creaturis
1246 855 1361 904 suis
1380 869 1484 920 per
1508 853 1831 904 intellectum
1848 868 1974 904 con-

87 933 408 1000 spicimtur‚
443 935 499 981 et
513 933 682 981 virtus
699 935 754 980 et
770 930 1022 980 divinitas
1039 932 1170 994 eius,
1201 947 1337 997 quae
1355 936 1435 982 cst
1449 933 1507 980 in
1522 935 1811 995 aeternum,
1842 931 1973 981 adeo

87 1014 148 1060 ut
169 1011 283 1060 sint
305 1010 426 1058 sine
449 1006 651 1074 effugio
663 1006 741 1074 *).
831 1006 917 1057 48.
967 1005 1172 1068 Quibus
1202 1007 1328 1058 satis
1358 1008 1492 1060 clare
1517 1006 1729 1069 indicat,
1772 1019 1972 1058 unum-

90 1099 356 1152 quemque
374 1084 572 1136 lumine
591 1083 809 1134 naturali
829 1083 960 1134 clare
981 1083 1263 1151 intelligere
1280 1084 1377 1134 Dei
1395 1085 1630 1135 virtutem
1652 1091 1703 1135 et
1718 1090 1975 1136 aeternam

89 1163 440 1222 divinitatem,
483 1175 544 1212 ex
575 1175 676 1227 qua
703 1161 834 1212 scire
853 1167 905 1212 et
925 1159 1181 1212 deducere
1202 1168 1449 1226 possunt,
1491 1161 1612 1225 qnid
1635 1162 1701 1212 iis
1721 1175 1977 1226 quaeren-

6 1245 10 1264 '*
91 1241 216 1292 dum
237 1238 434 1305 quidve
451 1236 751 1302 fugiendum
772 1237 868 1298 sit;
903 1237 1134 1303 adeoque
1153 1237 1431 1299 concludit,
1456 1252 1638 1288 omnes
1658 1239 1770 1288 sine
1789 1238 1974 1303 effugio

91 1331 229 1379 esse,
273 1329 372 1366 nec
390 1315 677 1380 ignorantia
695 1315 924 1365 excusari
941 1328 1098 1380 posse
1113 1351 1127 1375 ,
1159 1313 1299 1379 quod
1316 1313 1545 1379 profecto
1565 1321 1807 1379 possent,
1848 1315 1893 1364 si
1913 1314 1977 1365 de

91 1394 286 1445 lumine
316 1391 692 1456 supranaturali
719 1389 1016 1456 loqueretur
1043 1396 1094 1442 et
1119 1389 1185 1440 de
1214 1390 1407 1442 carnali
1435 1391 1619 1441 Christi
1657 1391 1899 1456 passione
1927 1398 1980 1441 et

91 1469 468 1522 resurrectione
500 1474 596 1518 etc.
669 1467 756 1520 49.
792 1467 862 1517 Et
893 1466 1012 1518 ideo
1047 1466 1205 1534 paulo
1240 1466 1372 1518 infra
1405 1482 1538 1518 vers.
1558 1469 1645 1521 24.
1674 1468 1748 1518 sic
1784 1468 1973 1533 pergit:

91 1549 324 1614 Propter
349 1546 448 1596 Ιιοο
477 1544 704 1596 tradidit
729 1560 817 1595 eos
835 1543 981 1595 Deus
1005 1547 1061 1594 in
1077 1547 1527 1612 concupiscentias
1545 1543 1839 1595 immundas
1856 1559 1977 1594 cor-

93 1625 169 1674 dis
198 1636 389 1674 eorum
417 1627 518 1673 etc.
563 1635 730 1687 usque
765 1620 831 1672 ad
857 1619 1014 1674 finem
1040 1621 1253 1687 capitis,
1292 1620 1486 1688 quibus
1514 1623 1635 1674 vitia
1663 1621 1977 1687 ignorantiae

94 1697 376 1762 describit,
429 1713 596 1772 eaque
634 1704 876 1764 tanquam
912 1699 1230 1765 ignorantiae
1266 1699 1518 1766 supplicia
1554 1705 1780 1762 enarrat,
1838 1697 1978 1765 quod

91 1779 246 1845 plane
282 1776 524 1829 convenit
557 1790 678 1827 cum
706 1775 979 1828 Proverbio
1016 1776 1106 1828 illo
1136 1776 1447 1828 Salomonis
1460 1791 1574 1843 cap.
1599 1779 1683 1829 16.
1710 1791 1845 1829 vers.
1866 1778 1975 1837 22„

92 1870 232 1937 quod
272 1872 382 1921 iam
419 1870 720 1933 citavimuS,
760 1884 975 1936 nempe,
1023 1862 1194 1954 5⁶32ss
1229 1847 1419 1949 0257ss
1458 1875 1653 1934 Ἶοηῃη
1691 1875 1748 1922 et
1774 1870 1979 1938 suppli-

6 2004 8 2007 >
91 1968 234 2018 cium
260 1964 550 2015 stultorum
577 1969 658 2015 est
670 1963 924 2016 stultitia.
996 1964 1081 2015 50.
1097 1940 1293 2028 Quare
1311 1978 1414 2015 non
1436 1965 1653 2028 mirum,
1686 1965 1823 2031 quod
1846 1966 1981 2017 dinat

91 2043 296 2095 Paulus
334 2040 594 2093 maleficos
631 2052 747 2093 esse
785 2039 1176 2093 inexcusabiles.
1258 2042 1389 2094 Nam
1425 2048 1577 2107 prout
1613 2043 1979 2107 unusquisque

92 2122 351 2182 seminat,
386 2119 457 2169 ita
485 2124 668 2179 metet;
709 2132 769 2169 ex
786 2117 936 2169 malis
953 2119 1087 2169 mala
1107 2118 1397 2170 necessario
1417 2126 1735 2183 sequuntur,
1774 2119 1875 2169 nisi
1892 2132 1981 2169 sa-

90 2200 301 2263 pienter
327 2196 671 2262 corrigantur,
703 2202 754 2245 et
778 2209 837 2246 ex
861 2193 1016 2247 bonis
1043 2194 1208 2258 bona,
1241 2196 1286 2246 sl
1318 2196 1474 2246 animi
1500 2196 1785 2247 constantia
1813 2196 1979 2245 comi-

93 2283 247 2327 tetur.
327 2274 590 2340 Scriptura
617 2273 790 2337 ltaque
815 2272 989 2325 lumen
1017 2280 1068 2323 et
1093 2273 1258 2345 legem
1279 2270 1501 2323 divinam
1521 2270 1804 2323 naturalem
1824 2269 1981 2323 abso-

91 2352 200 2403 lute
231 2349 588 2477 mffsqudm
629 2356 784 2415 atque
810 2348 923 2414 his,
955 2362 1088 2415 quae
1112 2350 1165 2402 in
1194 2349 1291 2401 hoc
1326 2348 1491 2415 capite
1518 2363 1665 2415 agere
1692 2363 1980 2416 proposue-

93 2444 202 2479 ram
219 2466 236 2491 ,
278 2442 310 2478 a
379 2441 408 2476 o
430 2440 498 2478 vi.

195 2606 240 2657 ·)
280 2600 487 2649 Graece·
541 2594 625 2647 Τὰ
649 2594 753 2667 γὰρ
781 2586 997 2666 ἀόρατα
1031 2592 1201 2648 αὐτοῦ
1239 2594 1351 2648 ἀπὸ
1388 2597 1597 2655 κτίσεως
1634 2593 1835 2656 κόσμου
1869 2600 1981 2655 τοῖς

97 2672 368 2742 ποιήμασι
401 2670 663 2733 νοούμενα
697 2676 1028 2743 καθορᾶται,
1066 2694 1103 2741 η
1140 2692 1197 2725 τε
1232 2669 1401 2731 ἀιδιος
1438 2671 1603 2726 αὐτοῦ
1639 2671 1857 2736 δύναμις
1896 2674 2005 2725 καὶ-

6 2776 8 2817 ς
98 2750 346 2819 θειότης,
384 2746 456 2807 εἷς
473 2768 536 2801 το
557 2740 692 2803 εἶναι
707 2748 902 2809 αὐτοὺς
921 2747 1379 2817 ἀναπολογήτους.
