2350 3475
375 89 396 126 Ι
404 89 432 124 V
1117 86 1501 132 PRAEFATIO.

371 259 572 330 prodiit
589 275 796 329 quoque
817 261 1018 330 duplici
1036 261 1137 313 hoc
1155 261 1308 314 titulo
1329 261 1494 314 falso:
1536 299 1577 326 „
1589 261 1869 314 Francia-oi
1884 261 1948 312 de
1967 261 2021 312 la
2030 261 2141 312 Boe
2154 259 2301 312 Sil-
2325 279 2327 282 ·

369 351 449 398 vii
472 349 638 400 totius
657 347 948 402 medicinae
976 348 1096 400 idea
1114 363 1265 401 nova.
1323 349 1465 400 Edit.
1485 350 1559 400 ΙΙ.
1581 347 1965 400 Amstelodami
1988 348 2193 400 1673.“
2221 349 2297 398 8.

375 440 452 487 et:
492 435 811 502 „Francisci
825 433 1122 500 Heariquez
1141 436 1206 486 de
1224 433 1542 498 Villacorta‚
1574 434 1805 488 doctoris
1824 433 2037 498 medici,
2058 449 2089 486 a
2109 433 2302 485 cubi—
2325 467 2327 470 -

375 521 494 572 culo
521 519 682 588 regali
708 519 944 588 Philippi
965 521 1056 572 IV.
1089 526 1142 574 et
1171 519 1345 572 Caroli
1365 523 1439 572 11.
1468 519 1743 584 archiatri,
1784 534 1943 590 opera
1971 518 2301 586 chirurgica
2325 549 2327 552 -

373 605 577 668 omnia,
616 603 719 658 sub
747 605 1006 674 auspiciis
1033 582 1394 676 potentissimi
1424 607 1806 676 Hispaniarum
1834 607 1973 673 regis
1994 604 2171 658 Caroli
2196 607 2293 656 ΙΙ.

370 689 756 743 Amstelodami
784 705 879 761 per
904 691 1158 744 Iacobum
1188 691 1342 743 Pauli
1371 691 1525 744 1673.
1534 695 1573 722 “
1609 693 1661 744 8.
1680 693 1763 757 θ),
1803 691 1989 760 procul
2016 689 2188 742 dubio
2220 698 2301 742 ut

370 775 614 828 tractatui
657 777 816 830 etiam
862 778 920 829 in
955 777 1271 846 Hispaniam
1310 784 1363 828 et
1394 778 1727 830 Lusitaniam
1760 777 1844 829 via
1880 777 2202 844 aperiretur.
2223 778 2297 840 4)
2324 823 2327 828 .

371 861 793 929 Suppresserunt
819 869 1122 926 tractatum,
1164 863 1309 930 quod
1336 864 1559 931 Spinoza
1588 862 1653 913 de
1680 861 1957 931 prophetia
1982 864 2046 915 V.
2066 863 2164 924 T.,
2211 861 2296 914 de
2324 871 2327 874 ⁴

372 947 680 999 auctoribus
713 947 973 1001 librorum
1001 963 1302 1012 sacrorum,
1343 948 1407 1001 de
1436 949 1830 1001 hermeneutica
1850 949 1966 1000 Scr.
1988 948 2043 999 S.
2067 945 2299 998 libera—

368 1031 531 1086 liores
562 1039 614 1087 et
637 1034 890 1086 omnibus
917 1036 1030 1087 fere
1050 1033 1317 1086 inauditas
1338 1033 1577 1086 elocutus
1600 1040 1708 1086 erat
1728 1031 2040 1096 sententias,
2069 1031 2295 1098 quibus
2324 1037 2327 1040 ⁴

369 1119 819 1186 interpretationis
849 1128 898 1172 et
925 1121 1128 1172 criseos
1156 1118 1387 1172 biblicae
1418 1119 1741 1183 cultoribus,
1781 1120 1873 1186 qni
1911 1117 2294 1187 praeterlapso

373 1205 589 1257 saeculo
627 1207 964 1270 exstiterunt,
1012 1207 1118 1257 iam
1157 1205 1361 1258 dudum
1394 1206 1634 1273 praeivit.
1710 1205 1863 1257 Conf.
1899 1203 2103 1256 Paulus
2140 1217 2289 1271 opp.

373 1291 524 1358 Spin.
556 1295 688 1344 tom.
719 1295 766 1343 Ι.
795 1292 1016 1360 praefat.
1047 1307 1102 1360 p.
1125 1294 1215 1345 1v.
1248 1305 1334 1358 sq.
1362 1292 1415 1356 5)
1462 1297 1515 1344 et
1548 1291 1721 1356 Hegel
1746 1289 2108 1356 Vorlenmgen
2136 1290 2294 1338 iiber

371 1377 458 1428 die
476 1375 782 1429 Geso-hicme
799 1377 895 1428 der
910 1377 1267 1444 Philo-sophie.
1304 1377 1424 1430 Vol.
1446 1379 1547 1429 111.
1588 1379 1643 1445 p.
1666 1375 1786 1428 369.
1810 1391 1893 1443 sq.
1960 1378 2145 1441 ltaq‘ue
2166 1373 2294 1425 iam
2324 1423 2327 1428 .

370 1470 500 1515 tunc
514 1465 770 1532 temporis
791 1463 944 1516 multi
962 1471 1213 1515 tractatus
1232 1461 1668 1532 theob-politici,
1690 1462 1842 1514 cuius
1859 1468 2127 1513 auctorem
2150 1460 2185 1510 S
2192 1462 2296 1527 pi—

372 1563 560 1599 nozam
588 1561 708 1601 esse
735 1563 854 1600 mox
883 1549 1148 1612 constitit,
1188 1548 1477 1601 adversarii
1504 1549 1831 1602 exstiterunt.
1904 1547 2103 1598 Eorum
2122 1546 2293 1612 prin-
2325 1589 2327 1592 .

374 1635 520 1702 cipes
539 1641 664 1686 sunt
682 1633 764 1685 bi:

478 1720 530 1772 1.
568 1720 840 1771 Iacobus
870 1719 1247 1773 Thomasim
1274 1719 1760 1789 inprogrammate:
1801 1717 2121 1783 „Adversus
2142 1729 2292 1770 ano-

377 1821 592 1873 nymum
621 1806 686 1859 de
717 1806 958 1859 libertate
987 1806 1473 1875 philosophandi.“
1542 1807 1694 1875 Lips.
1728 1804 1894 1870 167ος
1932 1805 1987 1855 in
2028 1803 2287 1857 eiusdem
2325 1802 2327 1805 ’

377 1892 847 1945 dissertationibus
884 1908 913 1945 a
951 1892 1063 1945 filio
1101 1892 1405 1945 Christiano
1446 1890 1721 1945 Thomaaio
1761 1891 1920 1945 editis
1955 1889 2079 1944 Hal.
2115 1889 2285 1943 1693.

376 1993 496 2045 pag.
521 1978 640 2031 571.
663 1992 786 2047 sqq.

479 2233 522 2282 3)
541 2231 644 2275 vid.
663 2229 867 2275 Niceron
878 2230 1142 2275 Bar-nubite
1161 2234 1417 2278 memoires
1437 2244 1560 2289 pour
1576 2232 1725 2277 servir
1744 2234 1771 2277 a
1790 2230 1819 2275 l’
1825 2230 2017 2277 histoire
2034 2230 2116 2275 des
2136 2230 2288 2275 bom·
2325 2248 2327 2259 ·

381 2304 480 2336 mes
509 2290 714 2336 illustres
745 2292 860 2337 dans
890 2292 936 2337 la
965 2292 1253 2351 republique
1280 2294 1362 2339 des
1384 2292 1575 2349 lettres,
1612 2293 1899 2352 additionsp.
1922 2291 2024 2335 XX.
2046 2303 2091 2347 p.
2112 2292 2179 2332 59.
2199 2303 2286 2348 sq.

384 2346 554 2393 Christ.
582 2353 707 2405 Aug.
740 2348 994 2393 Heumann
1014 2354 1072 2397 de
1091 2365 1233 2398 anon.
1258 2360 1305 2399 et
1323 2354 1632 2409 pseudonym.
1654 2366 1698 2409 p.
1722 2354 1811 2394 100.
1870 2348 2042 2394 Christ.
2068 2348 2285 2404 Theoph.

384 2412 439 2453 de
455 2410 600 2453 Mnrr
617 2412 732 2457 Ben.
753 2412 810 2457 de
831 2412 1029 2469 Spinoza
1049 2414 1257 2459 adnotat.
1278 2414 1336 2458 ad
1358 2420 1493 2459 tract.
1516 2411 1658 2457 theol.
1682 2412 1881 2469 polit.p.
1904 2414 1969 2454 11.

483 2492 527 2541 ⁴)
556 2488 612 2533 ln
645 2487 810 2547 Anglia
848 2488 940 2535 sub
978 2490 1168 2535 nomine
1206 2491 1326 2535 Dan.
1366 2490 1547 2536 Heinsii
1577 2496 1826 2535 tractatum
1856 2488 1976 2545 typis
2005 2498 2284 2545 expressum

383 2560 508 2667 esse⁵
509 2549 654 2594 refert
678 2546 824 2605 Wolf
835 2548 954 2595 bibl.
979 2550 1123 2595 Hebr.
1145 2557 1178 2596 t.
1202 2550 1240 2596 1.
1260 2562 1307 2606 p.
1326 2553 1420 2595 240.
2324 2546 2327 2551 '

557 2625 736 2682 „Quae
764 2638 888 2672 nunc
915 2627 1107 2683 quidem
1137 2628 1195 2672 de
1224 2627 1357 2672 libris
1376 2628 1426 2671 V.
1448 2627 1521 2671 Tti
1551 2626 1707 2683 quoad
1728 2626 1967 2671 notionem
1988 2624 2283 2683 prophetiae,
2324 2644 2327 2717 Ι

382 2684 612 2741 originem
643 2691 690 2730 et
717 2693 922 2732 aetatem
941 2686 1235 2742 singulorum
1255 2685 1511 2735 librorum,
1551 2684 1879 2730 collectionem
1900 2697 2064 2729 eorum
2084 2684 2283 2728 eanoni-

383 2756 515 2799 cam,
538 2745 666 2800 leges
687 2747 1051 2804 interpretandi,
1083 2746 1316 2790 vocalium
1336 2746 1693 2800 auctoritatem,
1723 2746 2005 2789 variantium
2024 2743 2282 2788 lectionum

383 2804 668 2851 Rabbinicas
697 2807 1025 2853 adnotationes
1055 2812 1103 2851 et
1122 2806 1302 2863 reliqua
1323 2806 1369 2850 id
1386 2818 1534 2862 genus
1556 2806 1817 2849 recentiora
1846 2814 2100 2860 exegeseon
2129 2802 2281 2847 crise-

384 2876 534 2919 osque
569 2864 776 2911 biblicae
813 2868 1103 2911 incrementa
1141 2874 1249 2935 post
1285 2867 1517 2921 integrum
1553 2871 1600 2909 et
1636 2866 1761 2921 quod
1798 2865 2003 2910 excurrit
2037 2860 2279 2908 saeculum

383 2922 727 2971 Eicbhorniani
755 2927 1055 2996 poti-ssimum
1085 2926 1243 2982 operis
1272 2925 1379 2971 luce
1405 2938 1491 2982 per
1520 2925 1823 2971 Germaniam
1858 2925 2005 2970 cuivis
2043 2920 2281 2967 inclarue-
2324 2938 2327 2943 ·

383 2991 510 3043 runt,
533 2998 587 3030 ea
607 2998 702 3031 non
722 2986 1002 3032 vaticinatus
1026 2987 1196 3043 tuerat,
1208 2987 1291 3031 sed
1313 2998 1481 3043 magna
1504 2998 1559 3031 ex
1580 2992 1713 3043 parte
1733 2985 1828 3029 iam
1848 2984 2159 3039 descripserat
2176 2984 2281 3031 evi-

444 3051 610 3103 ·atque
632 3051 858 3092 tractatus
879 3046 962 3093 ille
979 3047 1285 3103 theologico·
1296 3046 1530 3103 politicus.
1538 3044 1571 3069 “
1626 3045 1825 3090 Paulus.

2292 3232 2327 3475 l—-„—.
2324 3220 2327 3223 Δ
2324 3112 2327 3211 ,,-,
2324 2948 2327 3103 -.--,
2324 2916 2327 2929 ..
2324 2794 2327 2899 mm„
