2350 3475
870 88 1117 133 PRAEFA
1125 88 1251 133 Tm.
1964 84 2006 143 7

111 265 312 319 invidia
332 272 386 318 et
401 266 608 333 odium,
650 266 790 333 quod
807 266 950 318 nulla
970 271 1221 318 vetustate
1242 264 1409 316 sedari
1428 265 1595 332 potuit
1610 304 1624 326 ,
1663 264 1781 315 oriri
1812 264 2011 317 debue-

115 351 264 396 runt.
337 346 426 397 16.
461 346 578 398 Non
595 356 718 411 ergo
737 346 955 407 mirum,
996 342 1135 409 quod
1165 344 1413 409 antiquae
1434 342 1691 407 religionis
1708 341 1837 392 nihil
1860 358 2012 394 man-

22 446 24 453 ·
119 422 248 471 serit
265 428 472 488 praeter
489 423 602 473 eius
622 428 886 473 externum
905 420 1104 473 cultum
1128 420 1263 488 (quo
1290 422 1477 485 vulgus
1501 420 1669 470 Deum
1690 420 1857 484 magis
1876 420 2009 470 adu-

117 498 232 560 lari,
263 512 424 563 qnam
443 498 658 551 adorare
677 498 920 565 videtur),
943 505 993 549 et
1011 498 1149 563 quod
1169 498 1299 549 fides
1318 498 1418 549 iam
1440 496 1567 548 nihil
1586 496 1727 548 aliud
1746 497 1829 557 sit,
1854 510 2010 560 quam

127 574 406 627 credulitas
434 581 486 627 et
509 575 846 641 praeiudicia.
919 574 990 625 At
1015 588 1148 641 quae
1180 571 1533 643 praeiudicia?
1600 574 1749 635 Quae
1774 572 2012 623 homines

127 665 177 701 ex
211 651 556 703 rationalibus
591 652 772 703 brutos
798 650 1050 715 reddunt,
1089 658 1268 718 utpote
1300 666 1432 717 quae
1462 652 1672 703 omnino
1700 649 2009 715 impediunt,

127 730 408 792 quominus
439 729 807 794 unusquisque
835 728 998 779 libero
1027 744 1124 779 suo
1153 729 1345 780 iudicio
1361 736 1537 780 utatur
1554 736 1605 779 et
1628 741 1806 780 verum
1830 742 1857 777 a
1882 725 2013 776 salso

129 804 396 869 dignoscat
413 845 428 868 ,
469 811 522 855 et
545 820 678 871 quae
705 806 858 856 veluti
886 805 952 855 ad
980 806 1156 855 lumen
1175 805 1467 856 intellectus
1486 806 1693 871 penitus
1712 806 2017 869 extinguen-

127 879 244 931 dum
279 882 404 934 data
435 896 590 948 opera
619 883 894 949 excogitata
921 882 1179 933 videntur.
1256 883 1335 933 17.
1371 884 1565 945 Pietas,
1606 881 1735 948 proh
1756 882 1899 931 Deus
1919 881 2017 930 im-

127 958 383 1021 mortalis,
425 966 478 1009 et
512 959 690 1023 religio
727 960 972 1011 absurdis
1013 960 1212 1009 arcanis
1248 960 1513 1021 consistit,
1552 965 1603 1009 et
1638 959 1727 1023 qui
1764 960 2016 1009 rationem

125 1048 342 1100 prorsus
369 1042 714 1087 contemnunt
739 1044 790 1087 et
810 1036 1125 1087 intellectum
1145 1043 1395 1101 tanquam
1417 1042 1596 1087 natura
1614 1040 1912 1101 corruptum
1934 1048 2019 1084 re-

127 1112 306 1162 iicinnt
325 1119 378 1163 et
397 1119 726 1176 aversantur,
763 1114 848 1163 isti
871 1114 1126 1180 profecto,
1165 1114 1305 1178 quod
1329 1113 1717 1177 iniquissimum
1738 1118 1845 1173 est,
1888 1112 2020 1164 divi-

128 1202 250 1239 num
277 1190 462 1241 lumen
493 1188 684 1240 babere
711 1189 1008 1241 creduntur.
1083 1192 1217 1241 Sane
1238 1191 1282 1239 si
1306 1189 1385 1240 vel
1407 1190 1619 1239 luminis
1642 1189 1798 1240 divini
1818 1188 2020 1243 scintil-

21 1314 28 1331 ,Β
128 1265 228 1315 lam
247 1272 456 1317 tantum
476 1265 741 1328 haherent,
774 1273 1001 1317 nontam
1027 1264 1251 1332 superbe
1271 1267 1572 1330 insanirent,
1596 1265 1687 1316 sed
1709 1266 2019 1331 prudentius

22 1374 26 1425 Ι-
127 1342 297 1393 Deum
315 1341 485 1393 colere
506 1342 782 1404 discerent,
823 1351 872 1393 et
891 1351 948 1393 ut
969 1345 1066 1393 iam
1089 1343 1228 1405 odio,
1252 1356 1428 1393 amore
1444 1350 1617 1393 contra
1640 1344 1773 1392 inter
1790 1342 2019 1406 reliquos

131 1418 460 1478 excellerent3
499 1434 598 1470 nee
627 1426 728 1470 tam
761 1419 932 1471 hostili
963 1422 1137 1469 animo
1166 1434 1287 1481 eoS,
1326 1419 1414 1484 qui
1444 1433 1561 1469 cum
1590 1420 1721 1484 ipsis
1750 1432 1855 1469 non
1894 1431 2021 1468 sen-

131 1496 294 1556 tiunt,
337 1503 799 1561 persequerentur,
841 1497 934 1547 sed
965 1496 1243 1547 eorundem
1271 1497 1445 1563 potius
1475 1496 1762 1565 (siquidem
1782 1496 2020 1561 ipsorum

137 1571 318 1634 saluti,
347 1579 404 1623 et
417 1586 524 1623 non
545 1586 680 1624 suae
693 1572 928 1624 fortunae
947 1572 1157 1641 timent)
1179 1570 1583 1625 misererentur.‘
1634 1573 1719 1625 18.
1756 1573 2021 1623 Praeterea

139 1650 180 1699 si
201 1648 382 1699 lumen
403 1649 615 1715 aliquod
635 1650 867 1701 divinum
888 1649 1157 1713 haberent,
1200 1650 1254 1701 id
1282 1648 1462 1701 saltem
1484 1665 1541 1701 ex
1561 1650 1793 1702 doctrina
1814 1656 2023 1700 consta-

135 1732 226 1777 ret.
299 1726 516 1788 Fateor,
555 1742 646 1778 eos
674 1741 941 1793 nunquam
973 1729 1103 1779 satis
1131 1728 1301 1778 mirari
1333 1729 1565 1795 potuisse
1591 1729 1879 1794 scripturae
1896 1740 2024 1792 pro-

134 1802 452 1855 fundissima
480 1806 750 1870 mysteria
791 1812 1014 1856 attamen
1045 1812 1247 1870 praeter
1270 1803 1717 1856 Aristotelicorum
1745 1804 1822 1856 vel
1849 1803 2025 1854 Plato-

137 1880 374 1930 nicorum
397 1881 774 1945 speculationes
793 1881 924 1933 nibil
945 1881 1189 1933 docuisse
1205 1881 1371 1946 video,
1412 1886 1563 1947 atque
1582 1881 1683 1943 his,
1721 1896 1787 1932 ne
1806 1879 2025 1946 gentiles

135 1958 319 2008 sectari
340 1955 655 2022 viderentur,
697 1959 1015 2024 scripturam
1032 1958 1563 2009 accommodaverunt.
1638 1959 1720 2011 19.
1760 1959 1877 2008 Non
1896 1957 2029 2016 satis,

137 2033 214 2082 bis
234 2032 365 2094 fuit,
409 2047 527 2084 cum
549 2034 756 2086 Graecis
785 2036 1012 2086 insanire
1027 2074 1040 2096 ,
1079 2035 1170 2086 sed
1191 2035 1466 2101 prophetas
1486 2049 1602 2085 cum
1621 2035 1809 2086 iisdem
1829 2033 2025 2086 delira-

138 2111 273 2160 visse
289 2108 594 2160 voluerunt:
637 2111 778 2176 quod
796 2125 924 2163 sane
939 2113 1073 2162 clare
1092 2112 1339 2173 ostendit,
1361 2125 1450 2163 eos
1470 2111 1763 2177 scripturae
1782 2110 2026 2162 divinita—

135 2192 238 2236 tem
267 2198 366 2236 nec
399 2200 492 2253 per
517 2189 779 2238 somnium
807 2187 996 2239 videre.
1069 2189 1138 2238 Et
1165 2201 1269 2254 quo
1302 2189 1593 2255 impensius
1627 2188 1752 2238 haec
1786 2189 2025 2253 mysteria

137 2261 486 2324 admirantur,
523 2278 584 2315 eo
597 2267 768 2331 ‚magis
788 2266 1098 2335 ostendunt,
1137 2279 1195 2317 se
1214 2267 1507 2331 Scripturae
1538 2265 1765 2321 nontam
1796 2263 2021 2324 credere,

138 2353 294 2404 quam
315 2342 590 2391 assentari.
665 2341 819 2404 Quod
847 2342 964 2392 binc
982 2343 1135 2393 etiam
1160 2349 1329 2408 patet,
1368 2341 1508 2407 quod
1528 2342 1759 2408 plerique
1780 2347 2024 2405 tanquam

138 2415 538 2468 fundamentum
565 2425 871 2484 supponunt
899 2417 990 2486 (ad
1021 2417 1238 2470 eandem
1258 2418 1454 2470 scil-icet
1472 2414 1859 2484 intelligendum
1881 2417 2027 2468 eius-

140 2507 240 2558 que
258 2506 440 2544 verum
457 2507 673 2544 sensum
694 2495 1038 2562 eruendum),
1078 2497 1246 2561 ipsam
1268 2494 1465 2561 ubique
1482 2509 1711 2546 veracem
1732 2501 1780 2546 et
1800 2494 2025 2546 divinam

142 2581 284 2630 esse;
323 2569 382 2620 id
409 2579 596 2636 nempe
626 2572 829 2638 ipsum,
870 2571 1009 2636 quod
1029 2571 1265 2622 eiusdem
1284 2572 1624 2624 intellectione
1646 2579 1695 2622 et
1713 2580 1888 2624 severo
1907 2585 2028 2622 exa-

144 2647 282 2698 mine
310 2645 528 2698 demum
556 2646 766 2700 deberet
797 2655 1058 2710 constare,
1100 2655 1152 2700 et
1180 2649 1320 2713 quod
1349 2664 1406 2700 ex
1435 2651 1573 2715 ipsa,
1614 2662 1745 2713 quae
1781 2647 2026 2700 humanis

145 2722 404 2788 figmentis
441 2723 656 2775 minime
693 2724 915 2790 indiget,
952 2725 1104 2790 longe
1141 2724 1331 2776 melius
1368 2723 1728 2787 edoceremur,
1768 2727 1821 2777 in
1858 2723 2025 2792 primo

146 2797 322 2852 limine
341 2814 435 2866 pro
455 2801 629 2866 regula
649 2801 814 2866 ipsius
835 2802 1274 2868 interpretationis
1294 2809 1547 2854 statuunt.

243 2877 330 2930 2⁰.
371 2876 552 2938 Quum
569 2875 694 2928 baec
715 2892 836 2944 ergo
861 2880 1034 2930 animo
1067 2877 1465 2945 perpenderem,
1504 2879 1701 2931 scilicet
1724 2879 1899 2931 lumen
1925 2893 2026 2930 na-

153 2951 309 3004 turale
329 2965 436 3004 non
457 2959 654 3004 tantum
675 2957 952 3018 contemni,
986 2955 1078 3008 sed
1097 2969 1127 3006 a
1146 2955 1326 3006 multis
1348 2963 1594 3022 tanquam
1612 2956 1889 3022 impietatis
1908 2954 2027 3005 fon-

153 3033 246 3080 tem
276 3029 536 3093 damnari,
577 3030 804 3086 hnmana
831 3032 1018 3088 deinde
1047 3039 1335 3086 commenta
1361 3047 1455 3099 pro
1474 3033 1674 3085 ¹divinis
1703 3031 2025 3084 documentis
