<?xml version="1.0" encoding="UTF-8"?>
<!DOCTYPE html PUBLIC "-//W3C//DTD XHTML 1.0 Transitional//EN"
    "http://www.w3.org/TR/xhtml1/DTD/xhtml1-transitional.dtd">
<html xmlns="http://www.w3.org/1999/xhtml" xml:lang="en" lang="en">
 <head>
  <title>
</title>
<meta http-equiv="Content-Type" content="text/html;charset=utf-8" />
  <meta name='ocr-system' content='tesseract 3.04.00' />
  <meta name='ocr-capabilities' content='ocr_page ocr_carea ocr_par ocr_line ocrx_word'/>
</head>
<body>
  <div class='ocr_page' id='page_1' title='image "benedictidespin03brudgoog_0152.png"; bbox 0 0 2350 3475; ppageno 0'>
   <div class='ocr_carea' id='block_1_1' title="bbox 368 58 1841 119">
    <p class='ocr_par' dir='ltr' id='par_1_1' title="bbox 368 58 1841 119">
     <span class='ocr_line' id='line_1_1' title="bbox 368 58 1841 119; baseline -0.006 0"><span class='ocrx_word' id='word_1_1' title='bbox 368 58 485 119; x_wconf 84' lang='grc'><strong>128</strong></span> <span class='ocrx_word' id='word_1_2' title='bbox 760 64 1149 111; x_wconf 68' lang='lat' dir='ltr'><strong>Tmcm‘rus</strong></span> <span class='ocrx_word' id='word_1_3' title='bbox 1187 61 1841 114; x_wconf 68' lang='lat' dir='ltr'><strong>Tunonofflco-Pom‘r.</strong></span> 
     </span>
    </p>
   </div>
   <div class='ocr_carea' id='block_1_2' title="bbox 355 238 2260 924">
    <p class='ocr_par' dir='ltr' id='par_1_2' title="bbox 355 238 2260 924">
     <span class='ocr_line' id='line_1_2' title="bbox 358 238 2258 308; baseline -0.002 -15"><span class='ocrx_word' id='word_1_4' title='bbox 358 256 461 307; x_wconf 69' lang='lat' dir='ltr'><strong>gur</strong></span> <span class='ocrx_word' id='word_1_5' title='bbox 494 246 594 294; x_wconf 77' lang='lat' dir='ltr'><strong>etc.</strong></span> <span class='ocrx_word' id='word_1_6' title='bbox 678 241 823 304; x_wconf 82' lang='lat' dir='ltr'><strong>Quae</strong></span> <span class='ocrx_word' id='word_1_7' title='bbox 860 242 1182 308; x_wconf 75' lang='lat' dir='ltr'><strong>parenthesis</strong></span> <span class='ocrx_word' id='word_1_8' title='bbox 1219 243 1502 294; x_wconf 84' lang='lat' dir='ltr'><strong>clarissime</strong></span> <span class='ocrx_word' id='word_1_9' title='bbox 1537 242 1728 293; x_wconf 84' lang='lat' dir='ltr'><strong>indicat</strong></span> <span class='ocrx_word' id='word_1_10' title='bbox 1764 241 1950 293; x_wconf 80' lang='lat' dir='ltr'><strong>horum</strong></span> <span class='ocrx_word' id='word_1_11' title='bbox 1987 238 2258 291; x_wconf 83' lang='lat' dir='ltr'><strong>librorum</strong></span> 
     </span>
     <span class='ocr_line' id='line_1_3' title="bbox 359 318 2258 386; baseline -0.001 -17"><span class='ocrx_word' id='word_1_12' title='bbox 359 320 659 384; x_wconf 78' lang='lat' dir='ltr'><strong>scriptorem</strong></span> <span class='ocrx_word' id='word_1_13' title='bbox 695 319 847 385; x_wconf 79' lang='lat' dir='ltr'><strong>longe</strong></span> <span class='ocrx_word' id='word_1_14' title='bbox 883 321 1067 371; x_wconf 83' lang='lat' dir='ltr'><strong>vixisse</strong></span> <span class='ocrx_word' id='word_1_15' title='bbox 1094 326 1214 386; x_wconf 89' lang='lat' dir='ltr'><strong>post</strong></span> <span class='ocrx_word' id='word_1_16' title='bbox 1239 322 1450 381; x_wconf 82' lang='lat' dir='ltr'><strong>Mosen;</strong></span> <span class='ocrx_word' id='word_1_17' title='bbox 1490 320 1574 370; x_wconf 83' lang='lat' dir='ltr'><strong>hie</strong></span> <span class='ocrx_word' id='word_1_18' title='bbox 1601 320 1736 370; x_wconf 86' lang='lat' dir='ltr'><strong>enim</strong></span> <span class='ocrx_word' id='word_1_19' title='bbox 1770 320 1960 369; x_wconf 86' lang='lat' dir='ltr'><strong>modus</strong></span> <span class='ocrx_word' id='word_1_20' title='bbox 1984 318 2258 383; x_wconf 71' lang='lat' dir='ltr'><strong>loquendi</strong></span> 
     </span>
     <span class='ocr_line' id='line_1_4' title="bbox 359 396 2260 463; baseline -0.001 -18"><span class='ocrx_word' id='word_1_21' title='bbox 359 396 471 447; x_wconf 87' lang='lat' dir='ltr'><strong>eius</strong></span> <span class='ocrx_word' id='word_1_22' title='bbox 490 403 691 448; x_wconf 82' lang='lat' dir='ltr'><strong>tantum</strong></span> <span class='ocrx_word' id='word_1_23' title='bbox 710 403 816 457; x_wconf 83' lang='lat' dir='ltr'><strong>est,</strong></span> <span class='ocrx_word' id='word_1_24' title='bbox 857 400 943 462; x_wconf 85' lang='lat' dir='ltr'><strong>qui</strong></span> <span class='ocrx_word' id='word_1_25' title='bbox 964 412 1045 448; x_wconf 86' lang='lat' dir='ltr'><strong>res</strong></span> <span class='ocrx_word' id='word_1_26' title='bbox 1064 398 1457 463; x_wconf 84' lang='lat' dir='ltr'><strong>antiquissimas</strong></span> <span class='ocrx_word' id='word_1_27' title='bbox 1477 404 1674 459; x_wconf 82' lang='lat' dir='ltr'><strong>narrat,</strong></span> <span class='ocrx_word' id='word_1_28' title='bbox 1715 396 1912 461; x_wconf 83' lang='lat' dir='ltr'><strong>quique</strong></span> <span class='ocrx_word' id='word_1_29' title='bbox 1931 409 2106 446; x_wconf 86' lang='lat' dir='ltr'><strong>rerum</strong></span> <span class='ocrx_word' id='word_1_30' title='bbox 2129 396 2260 445; x_wconf 87' lang='lat' dir='ltr'><strong>reli-</strong></span> 
     </span>
     <span class='ocr_line' id='line_1_5' title="bbox 360 471 2258 537; baseline -0.001 -14"><span class='ocrx_word' id='word_1_31' title='bbox 360 474 511 537; x_wconf 83' lang='lat' dir='ltr'><strong>quias</strong></span> <span class='ocrx_word' id='word_1_32' title='bbox 528 473 595 525; x_wconf 86' lang='lat' dir='ltr'><strong>ad</strong></span> <span class='ocrx_word' id='word_1_33' title='bbox 611 471 769 523; x_wconf 83' lang='lat' dir='ltr'><strong>fidem</strong></span> <span class='ocrx_word' id='word_1_34' title='bbox 788 473 1073 525; x_wconf 79' lang='lat' dir='ltr'><strong>faciendam</strong></span> <span class='ocrx_word' id='word_1_35' title='bbox 1092 473 1310 535; x_wconf 83' lang='lat' dir='ltr'><strong>indicat;</strong></span> <span class='ocrx_word' id='word_1_36' title='bbox 1343 480 1394 525; x_wconf 91' lang='lat' dir='ltr'><strong>et</strong></span> <span class='ocrx_word' id='word_1_37' title='bbox 1412 474 1526 525; x_wconf 82' lang='lat' dir='ltr'><strong>sine</strong></span> <span class='ocrx_word' id='word_1_38' title='bbox 1545 472 1704 525; x_wconf 89' lang='lat' dir='ltr'><strong>dubio</strong></span> <span class='ocrx_word' id='word_1_39' title='bbox 1725 473 1808 523; x_wconf 82' lang='lat' dir='ltr'><strong>hie</strong></span> <span class='ocrx_word' id='word_1_40' title='bbox 1823 473 1988 524; x_wconf 88' lang='lat' dir='ltr'><strong>lectus</strong></span> <span class='ocrx_word' id='word_1_41' title='bbox 2007 478 2258 537; x_wconf 87' lang='lat' dir='ltr'><strong>tempore</strong></span> 
     </span>
     <span class='ocr_line' id='line_1_6' title="bbox 359 548 2251 617; baseline 0.001 -17"><span class='ocrx_word' id='word_1_42' title='bbox 359 551 583 615; x_wconf 83' lang='lat' dir='ltr'><strong>primum</strong></span> <span class='ocrx_word' id='word_1_43' title='bbox 598 550 841 613; x_wconf 71' lang='lat' dir='ltr'><strong>navidis,</strong></span> <span class='ocrx_word' id='word_1_44' title='bbox 880 552 968 617; x_wconf 87' lang='lat' dir='ltr'><strong>qui</strong></span> <span class='ocrx_word' id='word_1_45' title='bbox 996 551 1125 602; x_wconf 79' lang='lat' dir='ltr'><strong>hanc</strong></span> <span class='ocrx_word' id='word_1_46' title='bbox 1152 550 1336 602; x_wconf 87' lang='lat' dir='ltr'><strong>urbem</strong></span> <span class='ocrx_word' id='word_1_47' title='bbox 1365 550 1597 617; x_wconf 76' lang='lat' dir='ltr'>subegit,</span> <span class='ocrx_word' id='word_1_48' title='bbox 1638 558 1696 601; x_wconf 92' lang='lat' dir='ltr'><strong>ut</strong></span> <span class='ocrx_word' id='word_1_49' title='bbox 1721 551 1775 601; x_wconf 84' lang='lat' dir='ltr'><strong>in</strong></span> <span class='ocrx_word' id='word_1_50' title='bbox 1805 548 1936 601; x_wconf 84' lang='lat' dir='ltr'><strong>libro</strong></span> <span class='ocrx_word' id='word_1_51' title='bbox 1953 551 1987 602; x_wconf 93' lang='grc'><strong>2</strong></span> <span class='ocrx_word' id='word_1_52' title='bbox 2005 549 2251 601; x_wconf 78' lang='lat' dir='ltr'><strong>Samuel.</strong></span> 
     </span>
     <span class='ocr_line' id='line_1_7' title="bbox 358 624 2252 692; baseline -0.001 -15"><span class='ocrx_word' id='word_1_53' title='bbox 358 640 470 692; x_wconf 83' lang='lat' dir='ltr'><strong>cap.</strong></span> <span class='ocrx_word' id='word_1_54' title='bbox 496 627 579 681; x_wconf 95' lang='grc'><strong>12.</strong></span> <span class='ocrx_word' id='word_1_55' title='bbox 608 640 659 681; x_wconf 84' lang='lat' dir='ltr'><strong>v.</strong></span> <span class='ocrx_word' id='word_1_56' title='bbox 678 624 765 679; x_wconf 86' lang='grc'><strong>30.</strong></span> <span class='ocrx_word' id='word_1_57' title='bbox 794 635 1055 690; x_wconf 80' lang='lat' dir='ltr'><strong>narratur,</strong></span> <span class='ocrx_word' id='word_1_58' title='bbox 1096 629 1334 679; x_wconf 82' lang='lat' dir='ltr'><strong>inventus</strong></span> <span class='ocrx_word' id='word_1_59' title='bbox 1362 636 1461 679; x_wconf 91' lang='lat' dir='ltr'><strong>est.</strong></span> <span class='ocrx_word' id='word_1_60' title='bbox 1537 628 1620 683; x_wconf 91' lang='grc'><strong>12.</strong></span> <span class='ocrx_word' id='word_1_61' title='bbox 1658 627 1732 678; x_wconf 83' lang='lat' dir='ltr'><strong>At</strong></span> <span class='ocrx_word' id='word_1_62' title='bbox 1759 642 1861 677; x_wconf 91' lang='lat' dir='ltr'><strong>non</strong></span> <span class='ocrx_word' id='word_1_63' title='bbox 1898 626 1979 677; x_wconf 84' lang='lat' dir='ltr'><strong>hie</strong></span> <span class='ocrx_word' id='word_1_64' title='bbox 2013 632 2252 687; x_wconf 85' lang='lat' dir='ltr'><strong>tantum,</strong></span> 
     </span>
     <span class='ocr_line' id='line_1_8' title="bbox 357 701 2256 769; baseline 0 -16"><span class='ocrx_word' id='word_1_65' title='bbox 357 703 449 754; x_wconf 89' lang='lat' dir='ltr'><strong>sed</strong></span> <span class='ocrx_word' id='word_1_66' title='bbox 480 701 635 769; x_wconf 83' lang='lat' dir='ltr'><strong>paulo</strong></span> <span class='ocrx_word' id='word_1_67' title='bbox 662 705 815 755; x_wconf 85' lang='lat' dir='ltr'><strong>etiam</strong></span> <span class='ocrx_word' id='word_1_68' title='bbox 845 704 975 756; x_wconf 81' lang='lat' dir='ltr'><strong>infra</strong></span> <span class='ocrx_word' id='word_1_69' title='bbox 1006 704 1143 756; x_wconf 84' lang='lat' dir='ltr'><strong>idem</strong></span> <span class='ocrx_word' id='word_1_70' title='bbox 1172 704 1258 755; x_wconf 81' lang='lat' dir='ltr'><strong>hie</strong></span> <span class='ocrx_word' id='word_1_71' title='bbox 1275 704 1548 755; x_wconf 84' lang='lat' dir='ltr'><strong>historicus</strong></span> <span class='ocrx_word' id='word_1_72' title='bbox 1567 704 1738 755; x_wconf 83' lang='lat' dir='ltr'><strong>verbis</strong></span> <span class='ocrx_word' id='word_1_73' title='bbox 1755 704 1922 755; x_wconf 84' lang='lat' dir='ltr'><strong>Mosis</strong></span> <span class='ocrx_word' id='word_1_74' title='bbox 1953 704 2140 755; x_wconf 84' lang='lat' dir='ltr'><strong>inserit</strong></span> <span class='ocrx_word' id='word_1_75' title='bbox 2163 703 2222 769; x_wconf 89' lang='lat'><strong>¹)</strong></span> <span class='ocrx_word' id='word_1_76' title='bbox 2241 722 2256 753; x_wconf 70' lang='grc' dir='ltr'><strong><em>ε</em></strong></span> 
     </span>
     <span class='ocr_line' id='line_1_9' title="bbox 355 780 2260 851; baseline 0.001 -22"><span class='ocrx_word' id='word_1_77' title='bbox 355 780 495 841; x_wconf 74' lang='grc' dir='ltr'><strong>Ῑαίν,</strong></span> <span class='ocrx_word' id='word_1_78' title='bbox 520 780 677 847; x_wconf 73' lang='lat' dir='ltr'><strong>filius</strong></span> <span class='ocrx_word' id='word_1_79' title='bbox 694 780 985 843; x_wconf 72' lang='lat' dir='ltr'><strong>Manassis,</strong></span> <span class='ocrx_word' id='word_1_80' title='bbox 1024 785 1167 851; x_wconf 78' lang='lat' dir='ltr'><strong>cepit</strong></span> <span class='ocrx_word' id='word_1_81' title='bbox 1193 786 1361 833; x_wconf 79' lang='lat' dir='ltr'><strong>totam</strong></span> <span class='ocrx_word' id='word_1_82' title='bbox 1387 782 1807 833; x_wconf 75' lang='lat' dir='ltr'><strong>iurisdictionem</strong></span> <span class='ocrx_word' id='word_1_83' title='bbox 1833 780 2044 845; x_wconf 76' lang='lat' dir='ltr'><strong>Argobi</strong></span> <span class='ocrx_word' id='word_1_84' title='bbox 2074 795 2260 845; x_wconf 77' lang='lat' dir='ltr'><strong>usque</strong></span> 
     </span>
     <span class='ocr_line' id='line_1_10' title="bbox 356 856 2258 924; baseline 0.001 -19"><span class='ocrx_word' id='word_1_85' title='bbox 356 856 428 906; x_wconf 80' lang='lat' dir='ltr'><strong>ad</strong></span> <span class='ocrx_word' id='word_1_86' title='bbox 462 859 744 907; x_wconf 78' lang='lat' dir='ltr'><strong>terminum</strong></span> <span class='ocrx_word' id='word_1_87' title='bbox 776 856 1051 909; x_wconf 63' lang='lat' dir='ltr'><strong>Gamo-itae</strong></span> <span class='ocrx_word' id='word_1_88' title='bbox 1088 864 1140 909; x_wconf 82' lang='lat' dir='ltr'><strong>et</strong></span> <span class='ocrx_word' id='word_1_89' title='bbox 1174 858 1600 922; x_wconf 65' lang='lat' dir='ltr'><strong>Multae-hamne,</strong></span> <span class='ocrx_word' id='word_1_90' title='bbox 1639 859 1950 924; x_wconf 79' lang='lat' dir='ltr'><strong>vocavitque</strong></span> <span class='ocrx_word' id='word_1_91' title='bbox 1985 856 2082 905; x_wconf 83' lang='lat' dir='ltr'><strong>illa</strong></span> <span class='ocrx_word' id='word_1_92' title='bbox 2121 857 2258 907; x_wconf 78' lang='lat' dir='ltr'><strong>loca</strong></span> 
     </span>
    </p>
   </div>
   <div class='ocr_carea' id='block_1_3' title="bbox 354 934 2340 1003">
    <p class='ocr_par' dir='ltr' id='par_1_3' title="bbox 354 934 2340 1003">
     <span class='ocr_line' id='line_1_11' title="bbox 354 934 2340 1003; baseline 0.001 -20"><span class='ocrx_word' id='word_1_93' title='bbox 354 950 448 985; x_wconf 69' lang='lat' dir='ltr'><strong>suo</strong></span> <span class='ocrx_word' id='word_1_94' title='bbox 478 936 687 985; x_wconf 78' lang='lat' dir='ltr'><strong>nomine</strong></span> <span class='ocrx_word' id='word_1_95' title='bbox 710 950 831 986; x_wconf 67' lang='lat' dir='ltr'><strong>oum</strong></span> <span class='ocrx_word' id='word_1_96' title='bbox 857 935 1036 1001; x_wconf 72' lang='lat' dir='ltr'><strong>Busan</strong></span> <span class='ocrx_word' id='word_1_97' title='bbox 1056 952 1236 1003; x_wconf 78' lang='lat' dir='ltr'><strong>pagos</strong></span> <span class='ocrx_word' id='word_1_98' title='bbox 1261 937 1398 987; x_wconf 75' lang='lat' dir='ltr'><strong>Iairi</strong></span> <span class='ocrx_word' id='word_1_99' title='bbox 1421 951 1586 1003; x_wconf 70' lang='lat' dir='ltr'><strong>usque</strong></span> <span class='ocrx_word' id='word_1_100' title='bbox 1603 938 1662 985; x_wconf 79' lang='lat' dir='ltr'><strong>in</strong></span> <span class='ocrx_word' id='word_1_101' title='bbox 1678 937 1814 985; x_wconf 76' lang='lat' dir='ltr'><strong>hune</strong></span> <span class='ocrx_word' id='word_1_102' title='bbox 1842 934 2000 984; x_wconf 81' lang='lat' dir='ltr'><strong>diem.</strong></span> <span class='ocrx_word' id='word_1_103' title='bbox 2073 934 2255 995; x_wconf 80' lang='lat' dir='ltr'><strong>Haec,</strong></span> <span class='ocrx_word' id='word_1_104' title='bbox 2335 946 2340 999; x_wconf 62' lang='grc' dir='ltr'><strong><em>ι</em></strong></span> 
     </span>
    </p>
   </div>
   <div class='ocr_carea' id='block_1_4' title="bbox 357 1010 2258 1231">
    <p class='ocr_par' dir='ltr' id='par_1_4' title="bbox 357 1010 2258 1231">
     <span class='ocr_line' id='line_1_12' title="bbox 358 1010 2258 1079; baseline 0 -18"><span class='ocrx_word' id='word_1_105' title='bbox 358 1012 598 1076; x_wconf 85' lang='lat' dir='ltr'><strong>inquam,</strong></span> <span class='ocrx_word' id='word_1_106' title='bbox 638 1012 784 1063; x_wconf 85' lang='lat' dir='ltr'><strong>addit</strong></span> <span class='ocrx_word' id='word_1_107' title='bbox 801 1011 1079 1064; x_wconf 81' lang='lat' dir='ltr'><strong>historicus</strong></span> <span class='ocrx_word' id='word_1_108' title='bbox 1098 1012 1162 1063; x_wconf 86' lang='lat' dir='ltr'><strong>ad</strong></span> <span class='ocrx_word' id='word_1_109' title='bbox 1195 1011 1490 1079; x_wconf 83' lang='lat' dir='ltr'><strong>explicanda</strong></span> <span class='ocrx_word' id='word_1_110' title='bbox 1519 1012 1669 1063; x_wconf 84' lang='lat' dir='ltr'><strong>verba</strong></span> <span class='ocrx_word' id='word_1_111' title='bbox 1688 1012 1881 1071; x_wconf 75' lang='lat' dir='ltr'><strong>MosiS,</strong></span> <span class='ocrx_word' id='word_1_112' title='bbox 1923 1024 2054 1077; x_wconf 86' lang='lat' dir='ltr'><strong>quae</strong></span> <span class='ocrx_word' id='word_1_113' title='bbox 2084 1010 2258 1061; x_wconf 87' lang='lat' dir='ltr'><strong>modo</strong></span> 
     </span>
     <span class='ocr_line' id='line_1_13' title="bbox 358 1088 2258 1156; baseline -0.001 -18"><span class='ocrx_word' id='word_1_114' title='bbox 358 1088 597 1139; x_wconf 77' lang='lat' dir='ltr'><strong>retulerat</strong></span> <span class='ocrx_word' id='word_1_115' title='bbox 611 1090 689 1154; x_wconf 86' lang='lat'><strong>²),</strong></span> <span class='ocrx_word' id='word_1_116' title='bbox 716 1104 928 1155; x_wconf 86' lang='lat' dir='ltr'><strong>nempe:</strong></span> <span class='ocrx_word' id='word_1_117' title='bbox 969 1096 1026 1140; x_wconf 85' lang='lat' dir='ltr'><strong>et</strong></span> <span class='ocrx_word' id='word_1_118' title='bbox 1038 1091 1304 1156; x_wconf 82' lang='lat' dir='ltr'><strong>reliquum</strong></span> <span class='ocrx_word' id='word_1_119' title='bbox 1327 1088 1517 1141; x_wconf 86' lang='lat' dir='ltr'><strong>Gilead</strong></span> <span class='ocrx_word' id='word_1_120' title='bbox 1533 1094 1587 1139; x_wconf 80' lang='lat' dir='ltr'><strong>et</strong></span> <span class='ocrx_word' id='word_1_121' title='bbox 1603 1088 1992 1149; x_wconf 74' lang='lat' dir='ltr'><strong>totumBasan,</strong></span> <span class='ocrx_word' id='word_1_122' title='bbox 2012 1102 2258 1153; x_wconf 80' lang='lat' dir='ltr'><strong>regnum</strong></span> 
     </span>
     <span class='ocr_line' id='line_1_14' title="bbox 357 1164 2258 1231; baseline -0.002 -14"><span class='ocrx_word' id='word_1_123' title='bbox 357 1166 464 1231; x_wconf 80' lang='lat' dir='ltr'><strong>og,</strong></span> <span class='ocrx_word' id='word_1_124' title='bbox 505 1166 630 1217; x_wconf 77' lang='lat' dir='ltr'><strong>dedi</strong></span> <span class='ocrx_word' id='word_1_125' title='bbox 655 1166 909 1217; x_wconf 79' lang='lat' dir='ltr'><strong><em>dimidiae</em></strong></span> <span class='ocrx_word' id='word_1_126' title='bbox 939 1167 1107 1217; x_wconf 74' lang='lat' dir='ltr'><strong>tribui</strong></span> <span class='ocrx_word' id='word_1_127' title='bbox 1122 1166 1410 1231; x_wconf 72' lang='lat' dir='ltr'><strong>Manassis,</strong></span> <span class='ocrx_word' id='word_1_128' title='bbox 1451 1171 1564 1217; x_wconf 80' lang='lat' dir='ltr'><strong>tota</strong></span> <span class='ocrx_word' id='word_1_129' title='bbox 1591 1166 1891 1216; x_wconf 76' lang='lat' dir='ltr'><strong>iurisdictio</strong></span> <span class='ocrx_word' id='word_1_130' title='bbox 1908 1164 2119 1229; x_wconf 78' lang='lat' dir='ltr'><strong>Argobi</strong></span> <span class='ocrx_word' id='word_1_131' title='bbox 2143 1167 2258 1214; x_wconf 72' lang='lat' dir='ltr'><strong>sub</strong></span> 
     </span>
    </p>
   </div>
   <div class='ocr_carea' id='block_1_5' title="bbox 354 1242 2340 1387">
    <p class='ocr_par' dir='ltr' id='par_1_5' title="bbox 354 1242 2340 1387">
     <span class='ocr_line' id='line_1_15' title="bbox 354 1242 2340 1320; baseline 0 -29"><span class='ocrx_word' id='word_1_132' title='bbox 354 1247 464 1293; x_wconf 80' lang='lat' dir='ltr'><strong>toto</strong></span> <span class='ocrx_word' id='word_1_133' title='bbox 483 1242 685 1304; x_wconf 77' lang='lat' dir='ltr'><strong>Busan,</strong></span> <span class='ocrx_word' id='word_1_134' title='bbox 719 1259 855 1309; x_wconf 83' lang='lat' dir='ltr'><strong>quae</strong></span> <span class='ocrx_word' id='word_1_135' title='bbox 874 1249 1097 1295; x_wconf 79' lang='lat' dir='ltr'><strong>vocatur</strong></span> <span class='ocrx_word' id='word_1_136' title='bbox 1114 1250 1262 1295; x_wconf 75' lang='lat' dir='ltr'><strong>terra</strong></span> <span class='ocrx_word' id='word_1_137' title='bbox 1276 1246 1583 1309; x_wconf 73' lang='lat' dir='ltr'><strong>gigantum.</strong></span> <span class='ocrx_word' id='word_1_138' title='bbox 1660 1242 1744 1320; x_wconf 80' lang='grc'><strong>13.</strong></span> <span class='ocrx_word' id='word_1_139' title='bbox 1782 1243 2038 1293; x_wconf 72' lang='lat' dir='ltr'><strong>Noverunt</strong></span> <span class='ocrx_word' id='word_1_140' title='bbox 2057 1242 2254 1307; x_wconf 78' lang='lat' dir='ltr'><strong>procul</strong></span> <span class='ocrx_word' id='word_1_141' title='bbox 2335 1274 2340 1300; x_wconf 35' lang='lat' dir='ltr'>j</span> 
     </span>
     <span class='ocr_line' id='line_1_16' title="bbox 354 1319 2339 1387; baseline -0.001 -18"><span class='ocrx_word' id='word_1_142' title='bbox 354 1320 513 1371; x_wconf 87' lang='lat' dir='ltr'><strong>dubio</strong></span> <span class='ocrx_word' id='word_1_143' title='bbox 532 1319 754 1371; x_wconf 77' lang='lat' dir='ltr'><strong>Hebraei</strong></span> <span class='ocrx_word' id='word_1_144' title='bbox 777 1328 1007 1387; x_wconf 88' lang='lat' dir='ltr'><strong>tempore</strong></span> <span class='ocrx_word' id='word_1_145' title='bbox 1027 1321 1184 1373; x_wconf 85' lang='lat' dir='ltr'><strong>huius</strong></span> <span class='ocrx_word' id='word_1_146' title='bbox 1205 1322 1498 1387; x_wconf 82' lang='lat' dir='ltr'><strong>scriptoris,</strong></span> <span class='ocrx_word' id='word_1_147' title='bbox 1543 1320 1755 1385; x_wconf 79' lang='lat' dir='ltr'><strong>quinam</strong></span> <span class='ocrx_word' id='word_1_148' title='bbox 1785 1326 1963 1370; x_wconf 88' lang='lat' dir='ltr'><strong>essent</strong></span> <span class='ocrx_word' id='word_1_149' title='bbox 1981 1320 2098 1384; x_wconf 79' lang='lat' dir='ltr'><strong>pagi</strong></span> <span class='ocrx_word' id='word_1_150' title='bbox 2117 1319 2258 1369; x_wconf 81' lang='lat' dir='ltr'><strong>Iairi</strong></span> <span class='ocrx_word' id='word_1_151' title='bbox 2337 1346 2339 1379; x_wconf 50' lang='lat'>4</span> 
     </span>
    </p>
   </div>
   <div class='ocr_carea' id='block_1_6' title="bbox 349 1395 2260 2231">
    <p class='ocr_par' dir='ltr' id='par_1_6' title="bbox 349 1395 2260 2231">
     <span class='ocr_line' id='line_1_17' title="bbox 354 1395 2256 1461; baseline 0.001 -15"><span class='ocrx_word' id='word_1_152' title='bbox 354 1396 562 1449; x_wconf 88' lang='lat' dir='ltr'><strong>tribulis</strong></span> <span class='ocrx_word' id='word_1_153' title='bbox 578 1396 831 1459; x_wconf 77' lang='lat' dir='ltr'><strong>lehudae3</strong></span> <span class='ocrx_word' id='word_1_154' title='bbox 872 1404 923 1447; x_wconf 88' lang='lat' dir='ltr'><strong>at</strong></span> <span class='ocrx_word' id='word_1_155' title='bbox 950 1413 1054 1448; x_wconf 87' lang='lat' dir='ltr'><strong>non</strong></span> <span class='ocrx_word' id='word_1_156' title='bbox 1076 1399 1288 1450; x_wconf 90' lang='lat' dir='ltr'><strong>nomine</strong></span> <span class='ocrx_word' id='word_1_157' title='bbox 1308 1396 1680 1449; x_wconf 85' lang='lat' dir='ltr'><strong>iurisdictionis</strong></span> <span class='ocrx_word' id='word_1_158' title='bbox 1699 1395 1892 1461; x_wconf 80' lang='lat' dir='ltr'><strong>Argobi</strong></span> <span class='ocrx_word' id='word_1_159' title='bbox 1909 1434 1923 1457; x_wconf 91' lang='lat'>‚</span> <span class='ocrx_word' id='word_1_160' title='bbox 1961 1409 2056 1446; x_wconf 85' lang='lat' dir='ltr'><strong>nee</strong></span> <span class='ocrx_word' id='word_1_161' title='bbox 2078 1402 2256 1447; x_wconf 82' lang='lat' dir='ltr'><strong>terrae</strong></span> 
     </span>
     <span class='ocr_line' id='line_1_18' title="bbox 353 1470 2257 1542; baseline -0.001 -18"><span class='ocrx_word' id='word_1_162' title='bbox 353 1475 649 1539; x_wconf 75' lang='lat' dir='ltr'><strong>gigantum3</strong></span> <span class='ocrx_word' id='word_1_163' title='bbox 689 1473 909 1539; x_wconf 85' lang='lat' dir='ltr'><strong>ideoque</strong></span> <span class='ocrx_word' id='word_1_164' title='bbox 936 1483 1143 1527; x_wconf 84' lang='lat' dir='ltr'><strong>coactus</strong></span> <span class='ocrx_word' id='word_1_165' title='bbox 1171 1483 1251 1527; x_wconf 88' lang='lat' dir='ltr'><strong>est</strong></span> <span class='ocrx_word' id='word_1_166' title='bbox 1286 1475 1562 1542; x_wconf 79' lang='lat' dir='ltr'><strong>explicare,</strong></span> <span class='ocrx_word' id='word_1_167' title='bbox 1605 1488 1861 1539; x_wconf 77' lang='lat' dir='ltr'><strong>quaenam</strong></span> <span class='ocrx_word' id='word_1_168' title='bbox 1898 1478 2076 1523; x_wconf 83' lang='lat' dir='ltr'><strong>essent</strong></span> <span class='ocrx_word' id='word_1_169' title='bbox 2112 1470 2257 1523; x_wconf 84' lang='lat' dir='ltr'><strong>haec</strong></span> 
     </span>
     <span class='ocr_line' id='line_1_19' title="bbox 352 1549 2260 1617; baseline -0.001 -17"><span class='ocrx_word' id='word_1_170' title='bbox 352 1550 488 1614; x_wconf 82' lang='lat' dir='ltr'><strong>loca,</strong></span> <span class='ocrx_word' id='word_1_171' title='bbox 530 1564 663 1617; x_wconf 83' lang='lat' dir='ltr'><strong>quae</strong></span> <span class='ocrx_word' id='word_1_172' title='bbox 682 1552 968 1616; x_wconf 86' lang='lat' dir='ltr'><strong>antiquitus</strong></span> <span class='ocrx_word' id='word_1_173' title='bbox 988 1553 1065 1603; x_wconf 85' lang='lat' dir='ltr'><strong>sie</strong></span> <span class='ocrx_word' id='word_1_174' title='bbox 1084 1550 1422 1611; x_wconf 83' lang='lat' dir='ltr'><strong>vocabantur,</strong></span> <span class='ocrx_word' id='word_1_175' title='bbox 1455 1558 1508 1603; x_wconf 88' lang='lat' dir='ltr'><strong>et</strong></span> <span class='ocrx_word' id='word_1_176' title='bbox 1525 1550 1680 1602; x_wconf 88' lang='lat' dir='ltr'><strong>simul</strong></span> <span class='ocrx_word' id='word_1_177' title='bbox 1701 1550 1948 1601; x_wconf 83' lang='lat' dir='ltr'><strong>rationem</strong></span> <span class='ocrx_word' id='word_1_178' title='bbox 1970 1549 2116 1609; x_wconf 86' lang='lat' dir='ltr'><strong>dare,</strong></span> <span class='ocrx_word' id='word_1_179' title='bbox 2149 1564 2260 1601; x_wconf 84' lang='lat' dir='ltr'><strong>cur</strong></span> 
     </span>
     <span class='ocr_line' id='line_1_20' title="bbox 353 1626 2254 1693; baseline -0.001 -17"><span class='ocrx_word' id='word_1_180' title='bbox 353 1640 450 1677; x_wconf 84' lang='lat' dir='ltr'><strong>suo</strong></span> <span class='ocrx_word' id='word_1_181' title='bbox 470 1634 701 1691; x_wconf 89' lang='lat' dir='ltr'><strong>tempore</strong></span> <span class='ocrx_word' id='word_1_182' title='bbox 721 1628 929 1677; x_wconf 88' lang='lat' dir='ltr'><strong>nomine</strong></span> <span class='ocrx_word' id='word_1_183' title='bbox 950 1628 1093 1689; x_wconf 85' lang='lat' dir='ltr'><strong>lairi,</strong></span> <span class='ocrx_word' id='word_1_184' title='bbox 1137 1630 1226 1693; x_wconf 89' lang='lat' dir='ltr'><strong>qui</strong></span> <span class='ocrx_word' id='word_1_185' title='bbox 1257 1627 1462 1679; x_wconf 85' lang='lat' dir='ltr'><strong>tribulis</strong></span> <span class='ocrx_word' id='word_1_186' title='bbox 1481 1627 1640 1679; x_wconf 75' lang='lat' dir='ltr'><strong>Iudae</strong></span> <span class='ocrx_word' id='word_1_187' title='bbox 1655 1666 1668 1688; x_wconf 89' lang='lat'>,</span> <span class='ocrx_word' id='word_1_188' title='bbox 1708 1642 1812 1677; x_wconf 90' lang='lat' dir='ltr'><strong>non</strong></span> <span class='ocrx_word' id='word_1_189' title='bbox 1842 1640 1956 1677; x_wconf 86' lang='lat' dir='ltr'><strong>vero</strong></span> <span class='ocrx_word' id='word_1_190' title='bbox 1976 1626 2254 1677; x_wconf 81' lang='lat' dir='ltr'><strong>Manassis</strong></span> 
     </span>
     <span class='ocr_line' id='line_1_21' title="bbox 351 1700 2256 1772; baseline 0 -18"><span class='ocrx_word' id='word_1_191' title='bbox 351 1708 457 1754; x_wconf 87' lang='lat' dir='ltr'><strong>erat</strong></span> <span class='ocrx_word' id='word_1_192' title='bbox 494 1700 625 1768; x_wconf 85' lang='lat' dir='ltr'><strong>(vid.</strong></span> <span class='ocrx_word' id='word_1_193' title='bbox 656 1703 879 1768; x_wconf 86' lang='lat' dir='ltr'><strong>Paralip.</strong></span> <span class='ocrx_word' id='word_1_194' title='bbox 898 1717 1013 1770; x_wconf 85' lang='lat' dir='ltr'><strong>cap.</strong></span> <span class='ocrx_word' id='word_1_195' title='bbox 1034 1706 1087 1758; x_wconf 82' lang='lat'><strong>2.</strong></span> <span class='ocrx_word' id='word_1_196' title='bbox 1112 1719 1164 1756; x_wconf 74' lang='lat' dir='ltr'><strong>v.</strong></span> <span class='ocrx_word' id='word_1_197' title='bbox 1187 1704 1273 1758; x_wconf 87' lang='grc'><strong>21.</strong></span> <span class='ocrx_word' id='word_1_198' title='bbox 1297 1712 1348 1756; x_wconf 89' lang='lat' dir='ltr'><strong>et</strong></span> <span class='ocrx_word' id='word_1_199' title='bbox 1365 1704 1512 1772; x_wconf 88' lang='grc'><strong>22.),</strong></span> <span class='ocrx_word' id='word_1_200' title='bbox 1553 1705 1940 1771; x_wconf 80' lang='lat' dir='ltr'><strong>insignirentur.</strong></span> <span class='ocrx_word' id='word_1_201' title='bbox 2018 1704 2101 1756; x_wconf 81' lang='lat'><strong>14.</strong></span> <span class='ocrx_word' id='word_1_202' title='bbox 2140 1703 2256 1754; x_wconf 83' lang='lat' dir='ltr'><strong>Bis</strong></span> 
     </span>
     <span class='ocr_line' id='line_1_22' title="bbox 349 1777 2249 1849; baseline 0.001 -20"><span class='ocrx_word' id='word_1_203' title='bbox 349 1777 501 1829; x_wconf 83' lang='lat' dir='ltr'><strong>Aben</strong></span> <span class='ocrx_word' id='word_1_204' title='bbox 536 1779 735 1831; x_wconf 84' lang='lat' dir='ltr'><strong>Hezrae</strong></span> <span class='ocrx_word' id='word_1_205' title='bbox 780 1782 1089 1832; x_wconf 86' lang='lat' dir='ltr'><strong>sententiam</strong></span> <span class='ocrx_word' id='word_1_206' title='bbox 1128 1782 1498 1849; x_wconf 77' lang='lat' dir='ltr'><strong>explicuimus,</strong></span> <span class='ocrx_word' id='word_1_207' title='bbox 1554 1790 1613 1834; x_wconf 92' lang='lat' dir='ltr'><strong>ut</strong></span> <span class='ocrx_word' id='word_1_208' title='bbox 1648 1789 1700 1834; x_wconf 90' lang='lat' dir='ltr'><strong>et</strong></span> <span class='ocrx_word' id='word_1_209' title='bbox 1733 1782 1843 1833; x_wconf 84' lang='lat' dir='ltr'><strong>loca</strong></span> <span class='ocrx_word' id='word_1_210' title='bbox 1880 1779 2249 1841; x_wconf 73' lang='lat' dir='ltr'><strong>Pentateuehi‚</strong></span> 
     </span>
     <span class='ocr_line' id='line_1_23' title="bbox 351 1847 2252 1920; baseline 0.001 -13"><span class='ocrx_word' id='word_1_211' title='bbox 351 1870 484 1920; x_wconf 85' lang='lat' dir='ltr'><strong>quae</strong></span> <span class='ocrx_word' id='word_1_212' title='bbox 520 1847 840 1909; x_wconf 85' lang='lat' dir='ltr'><strong>ad&#39;eandem</strong></span> <span class='ocrx_word' id='word_1_213' title='bbox 877 1857 1283 1910; x_wconf 83' lang='lat' dir='ltr'><strong>confirmandam</strong></span> <span class='ocrx_word' id='word_1_214' title='bbox 1323 1859 1508 1911; x_wconf 80' lang='lat' dir='ltr'><strong>adfert.</strong></span> <span class='ocrx_word' id='word_1_215' title='bbox 1581 1859 1774 1910; x_wconf 82' lang='lat' dir='ltr'><strong>Verum</strong></span> <span class='ocrx_word' id='word_1_216' title='bbox 1813 1858 1950 1909; x_wconf 89' lang='lat' dir='ltr'><strong>enim</strong></span> <span class='ocrx_word' id='word_1_217' title='bbox 1989 1869 2107 1908; x_wconf 85' lang='lat' dir='ltr'><strong>vero</strong></span> <span class='ocrx_word' id='word_1_218' title='bbox 2142 1872 2252 1908; x_wconf 85' lang='lat' dir='ltr'><strong>uec</strong></span> 
     </span>
     <span class='ocr_line' id='line_1_24' title="bbox 351 1933 2250 2002; baseline 0.001 -19"><span class='ocrx_word' id='word_1_219' title='bbox 351 1933 540 1995; x_wconf 88' lang='lat' dir='ltr'><strong>omnia,</strong></span> <span class='ocrx_word' id='word_1_220' title='bbox 566 1948 659 1984; x_wconf 85' lang='lat' dir='ltr'><strong>nec</strong></span> <span class='ocrx_word' id='word_1_221' title='bbox 681 1936 953 2001; x_wconf 77' lang='lat' dir='ltr'><strong>praecipua</strong></span> <span class='ocrx_word' id='word_1_222' title='bbox 976 1937 1194 1998; x_wconf 85' lang='lat' dir='ltr'><strong>notavit;</strong></span> <span class='ocrx_word' id='word_1_223' title='bbox 1235 1935 1381 2002; x_wconf 90' lang='lat' dir='ltr'><strong>plura</strong></span> <span class='ocrx_word' id='word_1_224' title='bbox 1401 1938 1537 1986; x_wconf 87' lang='lat' dir='ltr'><strong>enim</strong></span> <span class='ocrx_word' id='word_1_225' title='bbox 1560 1937 1610 1987; x_wconf 89' lang='lat' dir='ltr'><strong>in</strong></span> <span class='ocrx_word' id='word_1_226' title='bbox 1633 1936 1773 1987; x_wconf 84' lang='lat' dir='ltr'><strong>hisee</strong></span> <span class='ocrx_word' id='word_1_227' title='bbox 1792 1935 1938 1986; x_wconf 88' lang='lat' dir='ltr'><strong>libris</strong></span> <span class='ocrx_word' id='word_1_228' title='bbox 1958 1941 2009 1985; x_wconf 91' lang='lat' dir='ltr'><strong>et</strong></span> <span class='ocrx_word' id='word_1_229' title='bbox 2026 1935 2250 1985; x_wconf 86' lang='lat' dir='ltr'><strong>maioris</strong></span> 
     </span>
     <span class='ocr_line' id='line_1_25' title="bbox 351 2007 2249 2079; baseline 0.002 -19"><span class='ocrx_word' id='word_1_230' title='bbox 351 2011 600 2062; x_wconf 86' lang='lat' dir='ltr'><strong>momenti</strong></span> <span class='ocrx_word' id='word_1_231' title='bbox 620 2012 844 2063; x_wconf 87' lang='lat' dir='ltr'><strong>notanda</strong></span> <span class='ocrx_word' id='word_1_232' title='bbox 866 2018 1169 2078; x_wconf 82' lang='lat' dir='ltr'><strong>supersunt.</strong></span> <span class='ocrx_word' id='word_1_233' title='bbox 1246 2013 1330 2064; x_wconf 85' lang='lat'><strong>15.</strong></span> <span class='ocrx_word' id='word_1_234' title='bbox 1349 2015 1548 2079; x_wconf 85' lang='lat' dir='ltr'><strong>Nempe</strong></span> <span class='ocrx_word' id='word_1_235' title='bbox 1563 2015 1607 2064; x_wconf 91' lang='lat'><strong>1.</strong></span> <span class='ocrx_word' id='word_1_236' title='bbox 1625 2007 1763 2078; x_wconf 74' lang='lat' dir='ltr'><strong>qu&#39;od</strong></span> <span class='ocrx_word' id='word_1_237' title='bbox 1784 2011 1968 2064; x_wconf 85' lang='lat' dir='ltr'><strong>horum</strong></span> <span class='ocrx_word' id='word_1_238' title='bbox 1987 2010 2249 2064; x_wconf 85' lang='lat' dir='ltr'><strong>librorum</strong></span> 
     </span>
     <span class='ocr_line' id='line_1_26' title="bbox 350 2087 2249 2157; baseline 0.002 -20"><span class='ocrx_word' id='word_1_239' title='bbox 350 2088 571 2153; x_wconf 81' lang='lat' dir='ltr'><strong>scriptor</strong></span> <span class='ocrx_word' id='word_1_240' title='bbox 590 2087 653 2138; x_wconf 90' lang='lat' dir='ltr'><strong>de</strong></span> <span class='ocrx_word' id='word_1_241' title='bbox 672 2090 823 2140; x_wconf 81' lang='lat' dir='ltr'><strong>Mose</strong></span> <span class='ocrx_word' id='word_1_242' title='bbox 844 2104 945 2140; x_wconf 89' lang='lat' dir='ltr'><strong>non</strong></span> <span class='ocrx_word' id='word_1_243' title='bbox 969 2097 1167 2141; x_wconf 84' lang='lat' dir='ltr'><strong>tantum</strong></span> <span class='ocrx_word' id='word_1_244' title='bbox 1189 2091 1241 2140; x_wconf 91' lang='lat' dir='ltr'><strong>in</strong></span> <span class='ocrx_word' id='word_1_245' title='bbox 1265 2092 1409 2141; x_wconf 89' lang='lat' dir='ltr'><strong>tertia</strong></span> <span class='ocrx_word' id='word_1_246' title='bbox 1429 2105 1649 2157; x_wconf 87' lang='lat' dir='ltr'><strong>persona</strong></span> <span class='ocrx_word' id='word_1_247' title='bbox 1670 2090 1932 2155; x_wconf 86' lang='lat' dir='ltr'><strong>loquatur,</strong></span> <span class='ocrx_word' id='word_1_248' title='bbox 1973 2089 2068 2141; x_wconf 87' lang='lat' dir='ltr'><strong>sed</strong></span> <span class='ocrx_word' id='word_1_249' title='bbox 2096 2089 2249 2156; x_wconf 86' lang='lat' dir='ltr'><strong>quod</strong></span> 
     </span>
     <span class='ocr_line' id='line_1_27' title="bbox 350 2163 2250 2231; baseline 0.002 -17"><span class='ocrx_word' id='word_1_250' title='bbox 350 2165 563 2231; x_wconf 87' lang='lat' dir='ltr'><strong>insuper</strong></span> <span class='ocrx_word' id='word_1_251' title='bbox 587 2163 651 2215; x_wconf 85' lang='lat' dir='ltr'><strong>de</strong></span> <span class='ocrx_word' id='word_1_252' title='bbox 680 2179 741 2216; x_wconf 88' lang='lat' dir='ltr'><strong>eo</strong></span> <span class='ocrx_word' id='word_1_253' title='bbox 778 2165 939 2216; x_wconf 87' lang='lat' dir='ltr'><strong>multa</strong></span> <span class='ocrx_word' id='word_1_254' title='bbox 975 2173 1219 2217; x_wconf 88' lang='lat' dir='ltr'><strong>testetur:</strong></span> <span class='ocrx_word' id='word_1_255' title='bbox 1259 2166 1495 2219; x_wconf 84' lang='lat' dir='ltr'><strong>videlicet</strong></span> <span class='ocrx_word' id='word_1_256' title='bbox 1519 2168 1666 2218; x_wconf 73' lang='lat' dir='ltr'><strong>Deus</strong></span> <span class='ocrx_word' id='word_1_257' title='bbox 1703 2181 1823 2218; x_wconf 81' lang='lat' dir='ltr'><strong>eum</strong></span> <span class='ocrx_word' id='word_1_258' title='bbox 1849 2166 1996 2218; x_wconf 72' lang='lat' dir='ltr'><strong>Mose</strong></span> <span class='ocrx_word' id='word_1_259' title='bbox 2031 2167 2250 2218; x_wconf 73' lang='lat' dir='ltr'><strong>loeutus</strong></span> 
     </span>
    </p>
   </div>
   <div class='ocr_carea' id='block_1_7' title="bbox 2336 1718 2341 2290">
    <p class='ocr_par' dir='ltr' id='par_1_7' title="bbox 2336 1718 2341 2290">
     <span class='ocr_line' id='line_1_28' title="bbox 2336 1718 2341 2290; baseline 0 0"><span class='ocrx_word' id='word_1_260' title='bbox 2336 1718 2341 2290; x_wconf 95' lang='lat' dir='ltr'><strong> </strong></span> 
     </span>
    </p>
   </div>
   <div class='ocr_carea' id='block_1_8' title="bbox 349 2241 2340 2388">
    <p class='ocr_par' dir='ltr' id='par_1_8' title="bbox 349 2241 2340 2388">
     <span class='ocr_line' id='line_1_29' title="bbox 349 2241 2340 2312; baseline 0.002 -20"><span class='ocrx_word' id='word_1_261' title='bbox 349 2247 430 2292; x_wconf 78' lang='lat' dir='ltr'><strong>est</strong></span> <span class='ocrx_word' id='word_1_262' title='bbox 443 2241 499 2310; x_wconf 84' lang='lat'><strong>⁸)</strong></span> <span class='ocrx_word' id='word_1_263' title='bbox 510 2260 530 2304; x_wconf 79' lang='lat'><strong>,⁰</strong></span> <span class='ocrx_word' id='word_1_264' title='bbox 568 2241 715 2292; x_wconf 73' lang='lat' dir='ltr'><strong>Deua</strong></span> <span class='ocrx_word' id='word_1_265' title='bbox 742 2242 1057 2309; x_wconf 77' lang='lat' dir='ltr'><strong>loquebatur</strong></span> <span class='ocrx_word' id='word_1_266' title='bbox 1086 2259 1206 2294; x_wconf 80' lang='lat' dir='ltr'><strong>cum</strong></span> <span class='ocrx_word' id='word_1_267' title='bbox 1222 2243 1366 2294; x_wconf 78' lang='lat' dir='ltr'><strong>Mose</strong></span> <span class='ocrx_word' id='word_1_268' title='bbox 1385 2245 1613 2308; x_wconf 70' lang='lat' dir='ltr'><strong>desae-ie</strong></span> <span class='ocrx_word' id='word_1_269' title='bbox 1633 2243 1929 2310; x_wconf 72' lang='lat' dir='ltr'><strong>adfaciem</strong></span> <span class='ocrx_word' id='word_1_270' title='bbox 1945 2243 2030 2312; x_wconf 74' lang='lat'><strong>⁴),·</strong></span> <span class='ocrx_word' id='word_1_271' title='bbox 2065 2243 2250 2295; x_wconf 73' lang='lat' dir='ltr'><strong>Moses</strong></span> <span class='ocrx_word' id='word_1_272' title='bbox 2331 2290 2340 2312; x_wconf 61' lang='lat'><strong>⁴</strong></span> 
     </span>
     <span class='ocr_line' id='line_1_30' title="bbox 350 2319 2339 2388; baseline 0 -18"><span class='ocrx_word' id='word_1_273' title='bbox 350 2321 582 2370; x_wconf 81' lang='lat' dir='ltr'><strong>omnium</strong></span> <span class='ocrx_word' id='word_1_274' title='bbox 608 2321 876 2370; x_wconf 77' lang='lat' dir='ltr'><strong>hominum</strong></span> <span class='ocrx_word' id='word_1_275' title='bbox 902 2324 1025 2370; x_wconf 78' lang='lat' dir='ltr'><strong>erat</strong></span> <span class='ocrx_word' id='word_1_276' title='bbox 1049 2320 1375 2372; x_wconf 76' lang='lat' dir='ltr'><strong>humillimus</strong></span> <span class='ocrx_word' id='word_1_277' title='bbox 1393 2321 1580 2388; x_wconf 89' lang='lat' dir='ltr'><strong>(Num.</strong></span> <span class='ocrx_word' id='word_1_278' title='bbox 1603 2335 1718 2388; x_wconf 81' lang='lat' dir='ltr'><strong>cap.</strong></span> <span class='ocrx_word' id='word_1_279' title='bbox 1743 2320 1826 2376; x_wconf 80' lang='lat'><strong>12.</strong></span> <span class='ocrx_word' id='word_1_280' title='bbox 1847 2335 1896 2371; x_wconf 82' lang='lat' dir='ltr'><strong>v.</strong></span> <span class='ocrx_word' id='word_1_281' title='bbox 1919 2320 2028 2387; x_wconf 87' lang='lat'><strong>3.);</strong></span> <span class='ocrx_word' id='word_1_282' title='bbox 2065 2319 2250 2371; x_wconf 72' lang='lat' dir='ltr'><strong>Moses</strong></span> <span class='ocrx_word' id='word_1_283' title='bbox 2338 2319 2339 2348; x_wconf 75' lang='lat'><em>³</em></span> 
     </span>
    </p>
   </div>
   <div class='ocr_carea' id='block_1_9' title="bbox 347 2395 2339 2634">
    <p class='ocr_par' dir='ltr' id='par_1_9' title="bbox 347 2395 2339 2634">
     <span class='ocr_line' id='line_1_31' title="bbox 347 2395 2249 2464; baseline 0.001 -17"><span class='ocrx_word' id='word_1_284' title='bbox 347 2397 435 2447; x_wconf 78' lang='lat' dir='ltr'><strong>ira</strong></span> <span class='ocrx_word' id='word_1_285' title='bbox 464 2401 651 2462; x_wconf 74' lang='lat' dir='ltr'><strong>eaptus</strong></span> <span class='ocrx_word' id='word_1_286' title='bbox 677 2401 759 2446; x_wconf 79' lang='lat' dir='ltr'><strong>est</strong></span> <span class='ocrx_word' id='word_1_287' title='bbox 784 2398 841 2446; x_wconf 83' lang='lat' dir='ltr'><strong>in</strong></span> <span class='ocrx_word' id='word_1_288' title='bbox 868 2395 1025 2446; x_wconf 74' lang='lat' dir='ltr'><strong>duces</strong></span> <span class='ocrx_word' id='word_1_289' title='bbox 1053 2400 1326 2448; x_wconf 60' lang='lat' dir='ltr'><strong>excercitus</strong></span> <span class='ocrx_word' id='word_1_290' title='bbox 1359 2396 1545 2463; x_wconf 88' lang='lat' dir='ltr'><strong>(Num.</strong></span> <span class='ocrx_word' id='word_1_291' title='bbox 1565 2411 1678 2463; x_wconf 83' lang='lat' dir='ltr'><strong>cap.</strong></span> <span class='ocrx_word' id='word_1_292' title='bbox 1701 2397 1788 2448; x_wconf 83' lang='lat'><strong>31.</strong></span> <span class='ocrx_word' id='word_1_293' title='bbox 1809 2411 1859 2448; x_wconf 84' lang='lat' dir='ltr'><strong>v.</strong></span> <span class='ocrx_word' id='word_1_294' title='bbox 1885 2397 2028 2464; x_wconf 78' lang='lat'><strong>14.);</strong></span> <span class='ocrx_word' id='word_1_295' title='bbox 2065 2395 2249 2448; x_wconf 71' lang='lat' dir='ltr'><strong>Moses</strong></span> 
     </span>
     <span class='ocr_line' id='line_1_32' title="bbox 348 2472 2245 2541; baseline 0.001 -19"><span class='ocrx_word' id='word_1_296' title='bbox 348 2475 433 2522; x_wconf 77' lang='lat' dir='ltr'><strong>vir</strong></span> <span class='ocrx_word' id='word_1_297' title='bbox 449 2472 659 2523; x_wconf 68' lang='lat' dir='ltr'><strong>divinus·</strong></span> <span class='ocrx_word' id='word_1_298' title='bbox 686 2473 867 2539; x_wconf 86' lang='lat' dir='ltr'><strong>(Dent.</strong></span> <span class='ocrx_word' id='word_1_299' title='bbox 890 2487 1005 2540; x_wconf 82' lang='lat' dir='ltr'><strong>cap.</strong></span> <span class='ocrx_word' id='word_1_300' title='bbox 1029 2474 1114 2526; x_wconf 88' lang='grc'><strong>33.</strong></span> <span class='ocrx_word' id='word_1_301' title='bbox 1136 2489 1188 2525; x_wconf 81' lang='lat' dir='ltr'><strong>v.</strong></span> <span class='ocrx_word' id='word_1_302' title='bbox 1214 2474 1321 2541; x_wconf 89' lang='lat'><strong>1.);</strong></span> <span class='ocrx_word' id='word_1_303' title='bbox 1361 2473 1532 2525; x_wconf 75' lang='lat' dir='ltr'><strong>Moses</strong></span> <span class='ocrx_word' id='word_1_304' title='bbox 1548 2490 1730 2525; x_wconf 73' lang='lat' dir='ltr'><strong>servus</strong></span> <span class='ocrx_word' id='word_1_305' title='bbox 1747 2475 1855 2525; x_wconf 85' lang='lat' dir='ltr'><strong>Dei</strong></span> <span class='ocrx_word' id='word_1_306' title='bbox 1868 2479 2112 2524; x_wconf 78' lang='lat' dir='ltr'><strong>mortum·</strong></span> <span class='ocrx_word' id='word_1_307' title='bbox 2131 2481 2245 2538; x_wconf 74' lang='lat' dir='ltr'><strong>est,-</strong></span> 
     </span>
     <span class='ocr_line' id='line_1_33' title="bbox 347 2550 2339 2634; baseline 0.001 -36"><span class='ocrx_word' id='word_1_308' title='bbox 347 2563 614 2614; x_wconf 78' lang='lat' dir='ltr'><strong>mmquam</strong></span> <span class='ocrx_word' id='word_1_309' title='bbox 641 2552 854 2600; x_wconf 73' lang='lat' dir='ltr'><strong>exstitit</strong></span> <span class='ocrx_word' id='word_1_310' title='bbox 872 2552 1135 2618; x_wconf 77' lang='lat' dir='ltr'><strong>propheta</strong></span> <span class='ocrx_word' id='word_1_311' title='bbox 1160 2554 1220 2600; x_wconf 85' lang='lat' dir='ltr'><strong>in</strong></span> <span class='ocrx_word' id='word_1_312' title='bbox 1243 2551 1414 2602; x_wconf 70' lang='lat' dir='ltr'><strong>Israel</strong></span> <span class='ocrx_word' id='word_1_313' title='bbox 1435 2553 1575 2601; x_wconf 73' lang='lat' dir='ltr'><strong>sieut</strong></span> <span class='ocrx_word' id='word_1_314' title='bbox 1598 2551 1771 2603; x_wconf 70' lang='lat' dir='ltr'><strong>Mose-r</strong></span> <span class='ocrx_word' id='word_1_315' title='bbox 1797 2555 1898 2602; x_wconf 78' lang='lat' dir='ltr'><strong>ete.</strong></span> <span class='ocrx_word' id='word_1_316' title='bbox 1917 2551 1972 2618; x_wconf 76' lang='lat'><strong>⁸)</strong></span> <span class='ocrx_word' id='word_1_317' title='bbox 2048 2550 2130 2602; x_wconf 79' lang='grc'><strong>16.</strong></span> <span class='ocrx_word' id='word_1_318' title='bbox 2171 2551 2245 2603; x_wconf 78' lang='lat' dir='ltr'><strong>At</strong></span> <span class='ocrx_word' id='word_1_319' title='bbox 2337 2611 2339 2634; x_wconf 35' lang='lat' dir='ltr'>i</span> 
     </span>
    </p>
   </div>
   <div class='ocr_carea' id='block_1_10' title="bbox 350 2626 2340 2695">
    <p class='ocr_par' dir='ltr' id='par_1_10' title="bbox 350 2626 2340 2695">
     <span class='ocr_line' id='line_1_34' title="bbox 350 2626 2340 2695; baseline 0.001 -19"><span class='ocrx_word' id='word_1_320' title='bbox 350 2632 524 2676; x_wconf 86' lang='lat' dir='ltr'><strong>eontra</strong></span> <span class='ocrx_word' id='word_1_321' title='bbox 544 2628 596 2677; x_wconf 92' lang='lat' dir='ltr'><strong>in</strong></span> <span class='ocrx_word' id='word_1_322' title='bbox 615 2628 1018 2680; x_wconf 86' lang='lat' dir='ltr'><strong>Deuteronomio</strong></span> <span class='ocrx_word' id='word_1_323' title='bbox 1036 2667 1049 2690; x_wconf 90' lang='lat'>,</span> <span class='ocrx_word' id='word_1_324' title='bbox 1089 2626 1180 2678; x_wconf 90' lang='lat' dir='ltr'><strong>ubi</strong></span> <span class='ocrx_word' id='word_1_325' title='bbox 1199 2627 1305 2690; x_wconf 85' lang='lat' dir='ltr'><strong>lex,</strong></span> <span class='ocrx_word' id='word_1_326' title='bbox 1346 2642 1501 2693; x_wconf 88' lang='lat' dir='ltr'><strong>quam</strong></span> <span class='ocrx_word' id='word_1_327' title='bbox 1522 2629 1698 2682; x_wconf 81' lang='lat' dir='ltr'><strong>Moses</strong></span> <span class='ocrx_word' id='word_1_328' title='bbox 1718 2627 1911 2695; x_wconf 88' lang='lat' dir='ltr'><strong>populo</strong></span> <span class='ocrx_word' id='word_1_329' title='bbox 1927 2627 2244 2694; x_wconf 83' lang='lat' dir='ltr'><strong>explicuerat</strong></span> <span class='ocrx_word' id='word_1_330' title='bbox 2337 2639 2340 2690; x_wconf 75' lang='grc' dir='ltr'><strong><em>ζ</em></strong></span> 
     </span>
    </p>
   </div>
   <div class='ocr_carea' id='block_1_11' title="bbox 356 2731 683 2742">
    <p class='ocr_par' dir='ltr' id='par_1_11' title="bbox 356 2731 683 2742">
     <span class='ocr_line' id='line_1_35' title="bbox 356 2731 683 2742; baseline 0 733"><span class='ocrx_word' id='word_1_331' title='bbox 356 2731 683 2742; x_wconf 95' lang='lat' dir='ltr'><strong> </strong></span> 
     </span>
    </p>
   </div>
   <div class='ocr_carea' id='block_1_12' title="bbox 448 2786 1325 3074">
    <p class='ocr_par' dir='ltr' id='par_1_12' title="bbox 453 2786 1061 2843">
     <span class='ocr_line' id='line_1_36' title="bbox 453 2786 1061 2843; baseline 0.003 -17"><span class='ocrx_word' id='word_1_332' title='bbox 453 2788 493 2836; x_wconf 82' lang='grc'><strong>1)</strong></span> <span class='ocrx_word' id='word_1_333' title='bbox 532 2786 722 2831; x_wconf 85' lang='lat' dir='ltr'><strong>Denter.</strong></span> <span class='ocrx_word' id='word_1_334' title='bbox 744 2798 848 2843; x_wconf 81' lang='lat' dir='ltr'><strong>cap.</strong></span> <span class='ocrx_word' id='word_1_335' title='bbox 868 2790 901 2829; x_wconf 79' lang='grc'><strong>3.</strong></span> <span class='ocrx_word' id='word_1_336' title='bbox 932 2800 975 2831; x_wconf 82' lang='lat' dir='ltr'><strong>v.</strong></span> <span class='ocrx_word' id='word_1_337' title='bbox 996 2787 1061 2828; x_wconf 74' lang='lat'><strong>14.</strong></span> 
     </span>
    </p>

    <p class='ocr_par' dir='ltr' id='par_1_13' title="bbox 450 2845 750 2896">
     <span class='ocr_line' id='line_1_37' title="bbox 450 2845 750 2896; baseline 0.02 -12"><span class='ocrx_word' id='word_1_338' title='bbox 450 2845 497 2896; x_wconf 86' lang='lat'><strong>2)</strong></span> <span class='ocrx_word' id='word_1_339' title='bbox 535 2845 661 2890; x_wconf 80' lang='lat' dir='ltr'><strong>Ver-s.</strong></span> <span class='ocrx_word' id='word_1_340' title='bbox 684 2847 750 2890; x_wconf 77' lang='lat'><strong>18.</strong></span> 
     </span>
    </p>

    <p class='ocr_par' dir='ltr' id='par_1_14' title="bbox 448 2904 1325 3016">
     <span class='ocr_line' id='line_1_38' title="bbox 449 2904 1325 2960; baseline 0.009 -16"><span class='ocrx_word' id='word_1_341' title='bbox 449 2906 493 2954; x_wconf 81' lang='grc'><strong>3)</strong></span> <span class='ocrx_word' id='word_1_342' title='bbox 530 2904 669 2948; x_wconf 81' lang='lat' dir='ltr'><strong>Num.</strong></span> <span class='ocrx_word' id='word_1_343' title='bbox 692 2917 792 2960; x_wconf 81' lang='lat' dir='ltr'><strong>cap.</strong></span> <span class='ocrx_word' id='word_1_344' title='bbox 815 2907 853 2948; x_wconf 82' lang='lat'><strong>1.</strong></span> <span class='ocrx_word' id='word_1_345' title='bbox 875 2919 917 2950; x_wconf 81' lang='lat' dir='ltr'><strong>v.</strong></span> <span class='ocrx_word' id='word_1_346' title='bbox 939 2909 977 2950; x_wconf 85' lang='lat'><strong>1.</strong></span> <span class='ocrx_word' id='word_1_347' title='bbox 1016 2919 1057 2953; x_wconf 85' lang='lat' dir='ltr'><strong>e.</strong></span> <span class='ocrx_word' id='word_1_348' title='bbox 1076 2907 1118 2948; x_wconf 81' lang='lat'><strong>2.</strong></span> <span class='ocrx_word' id='word_1_349' title='bbox 1138 2918 1178 2950; x_wconf 79' lang='lat' dir='ltr'><strong>v.</strong></span> <span class='ocrx_word' id='word_1_350' title='bbox 1202 2911 1240 2950; x_wconf 88' lang='lat'><strong>1.</strong></span> <span class='ocrx_word' id='word_1_351' title='bbox 1263 2905 1325 2952; x_wconf 87' lang='lat' dir='ltr'><strong>al.</strong></span> 
     </span>
     <span class='ocr_line' id='line_1_39' title="bbox 448 2964 973 3016; baseline -0.004 -7"><span class='ocrx_word' id='word_1_352' title='bbox 448 2965 495 3016; x_wconf 70' lang='lat'><strong>4)</strong></span> <span class='ocrx_word' id='word_1_353' title='bbox 530 2964 674 3010; x_wconf 81' lang='lat' dir='ltr'><strong>Exod.</strong></span> <span class='ocrx_word' id='word_1_354' title='bbox 696 2975 738 3009; x_wconf 87' lang='lat' dir='ltr'><strong>e.</strong></span> <span class='ocrx_word' id='word_1_355' title='bbox 756 2966 823 3007; x_wconf 74' lang='lat'><strong>88.</strong></span> <span class='ocrx_word' id='word_1_356' title='bbox 844 2978 886 3009; x_wconf 82' lang='lat' dir='ltr'><strong>v.</strong></span> <span class='ocrx_word' id='word_1_357' title='bbox 906 2967 973 3008; x_wconf 82' lang='lat'><strong>11.</strong></span> 
     </span>
    </p>

    <p class='ocr_par' dir='ltr' id='par_1_15' title="bbox 450 3023 1092 3074">
     <span class='ocr_line' id='line_1_40' title="bbox 450 3023 1092 3074; baseline 0.006 -10"><span class='ocrx_word' id='word_1_358' title='bbox 450 3025 495 3074; x_wconf 73' lang='lat'><strong>5)</strong></span> <span class='ocrx_word' id='word_1_359' title='bbox 532 3023 668 3068; x_wconf 77' lang='lat' dir='ltr'><strong>Deut-</strong></span> <span class='ocrx_word' id='word_1_360' title='bbox 690 3035 731 3068; x_wconf 87' lang='lat' dir='ltr'><strong>e.</strong></span> <span class='ocrx_word' id='word_1_361' title='bbox 752 3025 818 3066; x_wconf 68' lang='lat'><strong>8⁴.</strong></span> <span class='ocrx_word' id='word_1_362' title='bbox 837 3037 880 3070; x_wconf 77' lang='lat' dir='ltr'><strong>v.</strong></span> <span class='ocrx_word' id='word_1_363' title='bbox 900 3027 940 3068; x_wconf 78' lang='grc'><strong>5.</strong></span> <span class='ocrx_word' id='word_1_364' title='bbox 963 3031 1011 3070; x_wconf 88' lang='lat' dir='ltr'><strong>et</strong></span> <span class='ocrx_word' id='word_1_365' title='bbox 1028 3029 1092 3069; x_wconf 75' lang='lat'><strong>1⁰.</strong></span> 
     </span>
    </p>
   </div>
  </div>
 </body>
</html>
