2350 3475
872 65 1012 111 cu.
1066 64 1178 111 vu.
1847 78 1876 137 ς
1891 76 1970 139 19

59 180 62 221 ι

59 260 62 293 ¹
90 276 193 315 esse
208 266 407 314 certos.
483 258 649 313 verae
676 257 815 312 enim
842 258 1047 325 pietatis
1074 259 1388 311 documenta
1411 254 1582 312 verbis
1607 257 1972 313 usitatissimis

94 340 469 405 exprimuntur,
510 334 936 403 quandoquidem
974 335 1258 389 admodum
1292 335 1610 399 communia,
1659 348 1756 387 nec
1791 338 1972 393 minus

96 416 331 482 simplicia
360 421 415 467 et
440 413 707 466 intellectu
735 412 901 465 incilia
928 421 1081 476 suut3
1118 421 1171 465 et
1197 415 1320 480 quia
1347 428 1462 465 vera
1479 412 1622 465 salus
1639 419 1690 465 et
1706 411 1974 467 beatitudo

94 493 139 543 in
160 507 269 544 rere
295 492 465 545 animi
496 490 876 558 acquiescentis
894 491 1154 553 consistit,
1193 499 1245 542 et
1262 504 1359 543 nos
1377 491 1518 543 iniis
1533 496 1732 545 tantum
1751 504 1866 543 vere
1883 505 1974 543 ae-

94 570 439 634 quiescimus,
482 583 619 635 quae
656 568 941 621 clarissime
976 566 1336 634 intelligimuS.
1409 568 1494 619 69.
1531 568 1669 619 Hinc
1692 567 1974 619 evidentis-

94 649 205 697 sime
232 646 513 713 sequitur,
554 660 653 697 nos
679 651 905 696 mentem
934 645 1231 710 scripturae
1263 645 1396 697 circa
1425 658 1508 697 res
1535 644 1788 699 salutares
1823 652 1873 697 et
1907 644 1976 697 ad

95 722 461 775 beatitudinem
500 723 819 773 necessarias
856 727 994 773 certo
1030 736 1188 788 posse
1221 722 1452 787 assequi.
1527 722 1698 784 Quare
1734 736 1838 773 non
1875 729 1972 781 est,

98 814 173 851 eur
188 800 253 853 de
276 800 505 866 reliquis
522 800 695 851 simus
714 799 843 851 adeo
862 798 1093 859 solliciti3
1134 798 1334 865 reliqua
1355 800 1512 861 enim,
1550 798 1975 865 quandoquidem

100 892 147 927 ea
175 885 233 929 ut
268 878 565 943 plurimum
606 878 801 929 ratione
838 883 888 927 et
922 875 1184 927 intellectu
1218 874 1491 942 complecti
1527 889 1634 927 non
1668 890 1974 942 possumus,

96 956 199 1019 plus
218 954 543 1005 curiositatis
562 967 721 1019 quam
741 952 977 1004 utilitatis
994 952 1206 1004 habent.
1275 953 1376 1003 Eis
1393 952 1630 1003 existimo
1643 991 1658 1016 ,
1699 966 1784 1007 me
1802 966 1975 1006 veram

100 1031 389 1083 methodum
438 1031 755 1096 scripturam
806 1029 1173 1095 interpretandi
1224 1027 1514 1081 ostendisse
1530 1068 1544 1091 ,
1603 1042 1876 1095 meamque
1914 1029 1978 1081 de

100 1107 259 1159 eadem
298 1108 617 1159 sententiam
654 1108 783 1174 :ptis
820 1107 1116 1173 explicasse.
1209 1106 1295 1159 70.
1331 1108 1596 1157 Praeterea
1631 1122 1735 1158 non
1775 1106 1974 1169 dubito,

100 1186 209 1249 quin
242 1184 627 1249 unusquisque
664 1184 767 1235 iam
802 1182 998 1246 videat,
1052 1184 1186 1235 hanc
1221 1182 1519 1237 methodum
1558 1182 1764 1235 nullum
1800 1182 1978 1235 lumen

100 1270 283 1326 praeter
322 1262 505 1327 ipsum
533 1260 765 1312 naturale
792 1262 1009 1325 exigere.
1082 1261 1258 1312 Huius
1288 1261 1426 1311 enim
1461 1258 1676 1315 luminis
1711 1266 1892 1313 nature
1927 1265 1980 1310 et

100 1340 241 1389 virtus
270 1339 331 1389 in
360 1337 463 1389 hoc
487 1338 825 1403 potissimum
853 1338 1119 1399 consistit,
1157 1336 1300 1404 quod
1332 1350 1415 1387 res
1433 1334 1632 1387 scilicet
1649 1332 1899 1387 obscuras
1919 1350 1979 1387 ex

100 1417 245 1477 notis,
287 1421 383 1465 aut
409 1421 655 1478 tanquam
684 1415 821 1465 notis
848 1414 1009 1479 datis,
1052 1412 1296 1479 legitimis
1333 1412 1720 1477 consequentiis
1759 1411 1980 1465 deducat

104 1498 239 1557 atque
268 1490 573 1552 concludat;
615 1504 711 1542 nec
736 1490 879 1547 aliud
904 1498 986 1543 est
1012 1489 1153 1557 quod
1170 1490 1300 1542 haec
1317 1498 1492 1542 nostra
1510 1488 1785 1545 methodus
1804 1489 1974 1555 exigit.

102 1567 156 1617 Et
171 1568 416 1635 quamvis
434 1567 809 1633 concedentium
840 1568 1059 1622 eandem
1080 1582 1184 1621 non
1203 1566 1438 1621 sufficere
1455 1566 1521 1621 ad
1540 1566 1740 1631 omnia,
1771 1580 1904 1633 quae
1923 1567 1980 1617 in

102 1644 267 1697 Bibliis
306 1652 615 1707 occurrunt,
654 1650 793 1695 certo
828 1644 1240 1711 investigandum
1257 1682 1272 1706 ,
1309 1644 1366 1699 id
1393 1652 1566 1699 tamen
1591 1659 1700 1699 nou
1724 1658 1784 1700 ex
1811 1644 1978 1711 ipsius

101 1719 293 1774 deiectu
323 1722 513 1786 oritur,
550 1722 645 1774 sed
674 1738 734 1774 cx
758 1737 850 1785 eo,
890 1722 1032 1790 quod
1058 1722 1165 1785 via,
1207 1737 1364 1788 quam
1395 1737 1566 1777 veram
1583 1729 1635 1779 et
1651 1728 1844 1778 rectem
1861 1735 1980 1776 esse

102 1798 265 1865 docet,
308 1813 583 1866 nunquam
618 1799 771 1854 tuerit
797 1800 961 1862 culta,
1005 1813 1099 1851 nec
1128 1798 1196 1852 ab
1229 1798 1535 1853 hominihus
1565 1801 1710 1864 trita,
1747 1801 1982 1866 adeoquo

102 1889 343 1928 successu
374 1877 627 1942 temporis
652 1876 939 1930 admodum
966 1875 1127 1930 ardua
1152 1883 1208 1928 et
1231 1875 1338 1930 fere
1366 1877 1502 1930 invia
1529 1876 1664 1932 faeta
1693 1877 1788 1940 sit;
1825 1885 1886 1930 ut
1921 1891 1982 1930 ex

101 1954 211 2018 ipsis
234 1952 659 2016 difficultatibus,
684 1968 815 2020 quas
834 1954 1014 2016 retuli,
1039 1953 1324 2006 clarissime
1343 1961 1576 2006 constare
1595 1961 1741 2020 puto.

185 2031 246 2082 71
259 2067 274 2080 .
318 2031 569 2096 Superest
596 2031 701 2082 iam
720 2031 1126 2098 discrepantium
1147 2045 1178 2085 a
1197 2029 1350 2083 nobis
1367 2031 1650 2084 sententias
1669 2033 1976 2084 examinare.

102 2107 231 2169 Quae
253 2108 341 2158 hic
360 2107 589 2173 primum
609 2107 944 2159 examinanda
963 2107 1127 2169 venit,
1150 2122 1332 2160 eorum
1351 2114 1429 2159 est
1449 2110 1700 2160 sententia
1715 2145 1730 2170 ‚
1762 2110 1851 2174 qui
1871 2114 1982 2158 sta-

100 2192 239 2236 tuunt
268 2184 451 2235 lumen
486 2185 713 2236 naturale
740 2199 844 2236 nou
871 2183 1057 2236 habere
1082 2185 1185 2235 vim
1215 2184 1280 2236 ad
1301 2185 1618 2250 Scripturam
1635 2185 1980 2252 interpretan-

101 2261 242 2324 dum,
286 2259 383 2312 sed
424 2259 489 2312 ad
526 2259 621 2311 hoc
659 2264 879 2313 maxime
916 2261 1105 2327 requiri
1142 2261 1322 2313 lumen
1359 2261 1766 2328 supernaturale.
1840 2259 1981 2322 Quid

102 2346 257 2390 autem
281 2330 383 2390 hoc
401 2337 578 2388 lumen
600 2346 798 2404 praeter
819 2337 1053 2390 naturale
1074 2339 1160 2399 sit,
1187 2339 1319 2404 ipsis
1337 2339 1696 2406 explicandum
1719 2337 1978 2402 relinquo.

101 2414 173 2465 72.
209 2417 325 2480 Ego
346 2415 531 2466 saltem
550 2415 679 2466 nihil
700 2414 841 2466 aliud
859 2429 1078 2482 possum
1097 2415 1351 2468 coniicere
1364 2455 1378 2478 ,
1419 2431 1578 2484 quam
1599 2413 1740 2484 quod
1759 2415 1860 2482 ipsi
1881 2412 1982 2464 ob·-

103 2491 416 2552 scurioribus
445 2491 681 2542 terminis
708 2493 859 2543 etiam
883 2491 1157 2544 voluerunt
1187 2490 1359 2554 fateri,
1393 2506 1449 2545 se
1468 2493 1532 2548 de
1550 2506 1666 2544 vero
1687 2492 1981 2556 scripturae

103 2581 249 2620 sensu
286 2575 349 2620 ut
386 2568 669 2634 plurimum
708 2568 961 2620 dubitare.
1036 2569 1093 2620 si
1130 2569 1268 2620 enim
1303 2568 1371 2619 ad
1406 2584 1583 2621 eorum
1619 2567 1980 2634 explicationes

104 2645 440 2708 attendimus,
476 2659 563 2696 eas
583 2645 714 2698 nihil
734 2645 1127 2712 supranaturale
1148 2647 1440 2708 continere,
1481 2647 1586 2696 imo
1604 2643 1733 2696 nihil
1753 2645 1854 2695 nisi
1875 2657 1984 2698 me·-
2015 2685 2018 2688 .

106 2735 176 2772 ras
211 2723 535 2774 coniecturas
577 2737 694 2776 esse
734 2723 1070 2789 reperiemus.
1144 2721 1512 2784 conferantur,
1550 2721 1598 2772 si
1624 2721 1817 2790 placet,
1860 2735 1980 2772 cum

109 2798 524 2863 explicationibus
557 2814 765 2863 eorum,
805 2801 895 2867 qui
928 2801 1148 2865 ingenue
1184 2798 1434 2858 fatentur,
1469 2811 1526 2850 se
1562 2797 1766 2853 nullum
1802 2797 1979 2870 lumen

112 2882 297 2937 praeter
312 2877 547 2928 naturale
568 2876 774 2939 habere,
798 2885 849 2928 et
866 2876 1019 2943 plane
1038 2876 1334 2928 consimiles
1355 2877 1698 2942 reperientur,
1722 2876 1979 2931 humanae

112 2952 317 3017 scilicet,
360 2953 453 3004 diu
480 2953 727 3019 cogitatae
752 2961 806 3026 et
832 2967 952 3004 cum
981 2952 1154 3005 labore
1182 2955 1437 3004 inventae.
1509 2953 1596 3004 73.
1637 2953 1790 3018 Quod
1809 2960 1980 3005 autem

114 3027 241 3080 aiunt
274 3033 455 3084 lumen
484 3029 713 3084 naturale
738 3031 805 3086 ad
831 3029 929 3083 hoc
954 3045 1061 3084 nou
1088 3029 1350 3092 sufficere,
1391 3029 1582 3082 falsum
1612 3043 1729 3090 esse
1757 3035 1976 3090 constat,
