2350 3475
875 141 1014 188 car.
1064 141 1152 186 iv.
1873 139 1953 198 53

61 325 226 392 ipsam
253 337 438 376 rernm
469 319 907 374 coordinationem
934 325 986 372 et
1012 319 1509 385 concatenationem,
1548 318 1645 371 hoc
1672 325 1780 382 cst,
1822 335 1957 386 quo-

63 404 212 453 modo
235 415 318 452 res
341 414 521 451 revera
540 398 805 450 ordinatae
825 406 875 449 et
892 405 1255 449 concatenatae
1274 404 1423 460 sunt,
1467 395 1617 464 plane
1636 397 1954 464 ignoremus,

29 526 31 535 ζ
65 480 292 544 adeoque
311 477 384 529 ad
405 491 562 528 usum
582 478 714 529 vitae
734 476 938 537 melius,
979 475 1084 526 imo
1103 487 1318 527 necesse
1338 481 1445 535 est,
1484 488 1567 526 res
1594 479 1654 525 ut
1681 472 1957 541 possibiles

69 556 420 608 considerare.
493 555 636 604 Haec
655 553 722 604 de
741 552 852 618 lege
871 551 1109 603 absolute
1127 550 1467 604 considerata.

29 669 32 683 τ
163 637 214 683 5.
253 633 458 682 Verum
490 631 629 680 enim
658 643 774 680 vero
803 628 1052 694 quoniam
1082 642 1273 681 nomen
1300 629 1429 693 legis
1458 643 1549 694 per
1575 627 1959 681 translationem

71 710 126 760 ad
145 725 226 760 res
245 707 520 760 naturales
537 706 850 773 applicatum
869 707 1094 771 videtur,
1135 713 1190 757 et
1209 707 1551 757 communiter
1580 721 1673 772 per
1690 707 1860 771 legem
1877 708 1963 757 ni-

29 774 32 855 ξ
71 787 132 836 hil
151 786 292 836 aliud
315 784 655 850 intelligitur,
696 798 850 849 quam
869 782 1168 834 mandatum
1184 821 1200 845 ,
1233 783 1374 849 quod
1396 783 1633 835 homines
1654 791 1702 836 et
1719 783 1962 850 perficere

77 873 119 912 et
143 864 408 928 negligere
435 867 690 927 possunt,
729 867 908 926 utpote
937 861 1057 925 quia
1088 861 1372 926 potentiam
1390 859 1671 911 humanam
1690 859 1791 911 sub
1810 862 1963 912 certis

29 944 31 949 '
75 940 348 1000 limitibus,
391 939 528 990 ultra
559 952 693 1003 quos
721 951 778 988 se
808 937 1061 998 extendit,
1101 937 1435 1003 constringit,
1474 951 1570 988 nec
1588 936 1783 1002 aliquid
1804 952 1963 1004 snpra

75 1019 196 1068 vires
219 1019 475 1083 imperat;
518 1015 636 1066 ideo
657 1015 748 1065 Iex
778 1014 1138 1082 particularius
1166 1012 1456 1066 delinienda
1488 1014 1714 1075 videtur,
1754 1029 1961 1081 nempe,

79 1095 204 1160 quod
241 1096 316 1146 sit
354 1095 507 1144 ratio
542 1092 787 1152 vivendi,
824 1107 988 1158 quam
1022 1093 1176 1142 homo
1208 1093 1315 1142 sibi
1348 1091 1433 1142 vel
1467 1092 1592 1141 aliis
1628 1093 1692 1142 ob
1734 1091 1965 1158 aliquem

66 1173 218 1236 finem
229 1171 584 1238 praescribit.
659 1170 711 1220 6.
748 1167 1016 1230 Attamen,
1060 1170 1305 1233 quoniam
1325 1181 1477 1220 verus
1498 1167 1619 1218 linis
1639 1168 1811 1234 legum
1832 1183 1966 1234 pau-

78 1249 144 1297 cis
165 1256 374 1299 tantum
401 1251 578 1312 patere
607 1245 766 1308 solet,
807 1253 856 1296 et
884 1244 1258 1312 perplurimum
1287 1244 1526 1295 homines
1554 1242 1619 1294 ad
1648 1259 1768 1294 eum
1790 1247 1963 1310 perci-

77 1325 314 1389 piendum
353 1324 462 1374 fere
490 1323 652 1388 inepti
685 1328 834 1386 sunt,
875 1330 925 1373 ct
953 1321 1078 1372 nihil
1101 1323 1279 1372 minus
1299 1335 1453 1386 quam
1476 1335 1534 1371 ex
1554 1321 1749 1372 ratione
1768 1322 1959 1383 vivunt,

77 1403 180 1453 ideo
209 1401 571 1466 legislatores,
610 1405 671 1450 ut
695 1412 878 1449 omnes
916 1413 1080 1464 aeque
1115 1398 1551 1464 constringerent,
1590 1397 1749 1449 alium
1786 1396 1960 1460 finem,

78 1478 216 1544 longe
242 1479 514 1529 diversum
545 1475 609 1527 ab
631 1491 692 1526 eo
707 1477 851 1540 ,qui
880 1489 940 1526 ex
966 1476 1139 1540 legum
1169 1481 1351 1524 natura
1380 1474 1673 1525 necessario
1706 1475 1960 1539 sequitur,

79 1557 332 1620 sapienter
364 1559 685 1612 statuerunt,
726 1567 910 1618 nempe
942 1551 1110 1618 legum
1131 1549 1601 1642 propugnatoribus
1621 1551 1965 1616 promittendo
2045 1577 2057 1589 κ

29 1654 31 1659 ·
79 1633 146 1692 id,
185 1631 332 1697 qnod
362 1631 551 1696 vulgus
576 1629 800 1693 maxime
829 1635 992 1692 amat,
1033 1637 1083 1680 et
1118 1630 1403 1691 contram,
1446 1629 1537 1693 qui
1574 1643 1664 1679 eas
1698 1628 1963 1691 violarent,

29 1714 32 1774 Ι
81 1709 366 1761 minitando
395 1707 483 1770 id,
523 1705 662 1772 quod
691 1706 909 1757 maxime
937 1706 1107 1766 timet;
1149 1705 1331 1771 sicque
1366 1706 1536 1758 conati
1573 1713 1697 1757 sunt
1732 1705 1961 1773 vulgum,

79 1795 317 1851 tanquam
341 1800 539 1851 equum
563 1784 726 1846 freno,
749 1781 919 1848 quoad
938 1783 1052 1835 eins
1072 1782 1183 1834 fieri
1200 1790 1392 1849 potest,
1415 1782 1671 1835 cohibere.
1745 1785 1796 1835 7.
1818 1785 1966 1835 Unde

29 1887 32 1932 :¹
79 1864 262 1914 iactum
283 1871 370 1915 est
383 1902 397 1923 ‚
441 1870 498 1912 ut
515 1876 605 1926 pro
624 1860 735 1926 lege
757 1860 973 1911 maxime
992 1859 1267 1911 haberetur
1282 1862 1427 1911 ratio
1447 1860 1672 1921 vivendi,
1712 1876 1847 1925 quae
1866 1863 1967 1911 ho-

78 1942 301 1990 minibus
331 1955 404 1989 ex
431 1939 662 1989 aliorum
697 1938 920 2003 imperio
947 1938 1371 2003 praescribam-,-
1408 1943 1459 1987 et
1496 1945 1871 2002 consequenter
1908 1946 1969 1989 ut

29 2011 31 2016 ’
75 2018 133 2078 ii,
171 2019 262 2083 qui
295 2015 506 2081 legibus
535 2014 918 2080 obtemperant,
959 2013 1060 2065 sub
1088 2014 1201 2080 lege
1229 2014 1393 2065 vivere
1422 2006 1658 2064 dicantur
1692 2021 1745 2065 et
1778 2016 1967 2067 servire

29 2091 31 2094 ’
78 2094 365 2145 videantur.
438 2092 508 2143 Et
526 2106 695 2143 revera
714 2091 805 2156 qui
825 2092 1108 2156 unicuique
1127 2104 1285 2141 suum
1306 2089 1511 2153 tribuit,
1536 2092 1657 2155 quia
1677 2091 1965 2157 patibulum

80 2173 218 2222 timet
230 2210 244 2232 ,
266 2172 316 2221 is
340 2182 399 2219 ex
417 2169 632 2221 alterius
649 2169 865 2234 imperio
885 2174 935 2218 et
953 2166 1090 2218 malo
1109 2174 1318 2218 coactus
1337 2167 1467 2232 agit,
1500 2182 1593 2218 nec
1612 2168 1784 2220 iustus
1802 2168 1967 2220 vocari

79 2254 271 2312 potest3
315 2253 370 2296 at
387 2247 457 2306 is,
479 2246 572 2311 qui
590 2246 872 2310 unicuique
893 2258 1050 2295 suum
1070 2243 1267 2307 tribuit,
1291 2258 1350 2296 ex
1368 2257 1427 2296 eo
1448 2244 1588 2309 quod
1608 2258 1775 2297 veram
1795 2244 1965 2309 legum

83 2326 331 2375 rationem
349 2330 398 2374 et
422 2336 600 2373 earum
623 2324 982 2375 necessitatem
1001 2321 1164 2384 novit,
1204 2322 1251 2372 is
1278 2322 1451 2372 animo
1478 2322 1731 2372 constanti
1750 2322 1875 2387 agit,
1918 2326 1967 2370 et

84 2415 136 2451 ex
154 2400 398 2468 proprio,
439 2414 542 2451 non
561 2412 678 2449 vero
707 2399 874 2450 alieno
902 2397 1134 2459 decreto;
1175 2398 1407 2463 adeoque
1433 2398 1650 2449 iustus
1677 2400 1856 2447 merito
1873 2411 1967 2447 vo·—

84 2486 235 2529 eatur.
315 2478 368 2527 8.
409 2476 563 2537 Quod
585 2478 739 2527 etiam
758 2475 982 2526 Paulum
1003 2475 1188 2527 docere
1205 2476 1430 2527 voluisse
1450 2484 1577 2543 puto
1596 2515 1608 2535 ,
1638 2487 1799 2539 quum
1820 2473 1962 2537 dixit,

85 2569 192 2616 eos,
233 2555 330 2619 qui
349 2552 455 2605 sub
483 2553 594 2619 lege
611 2551 870 2616 vivebant,
912 2566 1004 2618 per
1020 2548 1187 2619 legem
1212 2552 1477 2605 iustificari
1506 2566 1607 2604 non
1634 2550 1963 2620 potuisse*);

84 2633 266 2682 instit
281 2632 342 2683 ia
361 2631 510 2682 'enim
525 2669 539 2691 ,
561 2638 619 2681 ut
637 2630 980 2681 communiter
998 2628 1240 2680 definitur
1254 2670 1267 2692 ‚
1290 2638 1369 2681 est
1388 2636 1629 2681 constans
1650 2634 1702 2678 et
1719 2635 1966 2694 perpetua

85 2708 316 2759 voluntas
354 2707 442 2757 ius
477 2720 630 2757 suum
669 2708 857 2771 cuique
891 2705 1183 2766 tribuendi;
1226 2716 1275 2757 et
1310 2706 1427 2757 ideo
1464 2704 1705 2757 Salomon
1742 2718 1855 2773 cap.
1876 2708 1964 2761 21.

86 2799 128 2836 v,
159 2786 242 2835 15.
281 2785 439 2834 Prov.
471 2785 575 2846 ait,
621 2787 820 2834 iustum
857 2784 1079 2846 laetari,
1129 2798 1291 2850 quum
1311 2784 1390 2848 fit
1424 2782 1707 2847 iudicium,
1756 2784 1967 2849 iniquos

89 2860 258 2904 autem
275 2867 499 2919 pavere.
571 2852 624 2903 9.
664 2852 840 2916 Quum
869 2853 1041 2917 itaque
1069 2852 1168 2903 lex
1194 2850 1320 2901 nihil
1349 2850 1489 2901 aliud
1517 2851 1611 2913 sit,
1651 2866 1807 2917 quam
1836 2854 1965 2903 ratio

89 2929 319 2991 vivendi,
359 2942 518 2994 quam
546 2928 784 2981 homines
813 2928 880 2981 ob
908 2930 1133 2994 aliquem
1162 2927 1318 2979 finem
1346 2926 1448 2979 sibi
1474 2929 1553 2980 vel
1579 2928 1693 2981 aliis
1710 2930 1965 2995 praescri-

185 3100 227 3153 *)
261 3098 400 3143 Rom.
421 3100 462 3149 ³,
477 3100 544 3141 2⁰.
